3198 4864
669 435 874 493 arsinoas.
1262 444 1303 506 21

239 599 308 681 qui,
338 599 421 662 unde
445 600 645 684 efferrentur,
673 623 736 664 non
767 601 982 684 reliquissent,
1013 623 1070 665 suo
1094 606 1224 685 sumptu
1254 624 1304 665 ex-

238 705 323 768 tulit.
370 704 451 769 Cum
475 707 521 770 sic
548 729 581 770 se
604 711 741 792 gereret,
769 707 901 770 minime
929 713 977 771 est
1000 709 1193 792 mirandum,
1222 709 1249 772 si
1272 713 1304 772 et

237 812 318 875 vita
341 813 409 876 eius
432 813 495 877 fuit
519 835 629 877 secura
652 816 685 876 et
707 810 808 876 rnors
831 813 952 876 acerba.

674 1049 875 1056 -.—--—.-.-—-

628 1237 692 1304 vl.
715 1237 910 1319 Lysander.

214 1370 274 1428 uA.
293 1368 407 1444 Kap.1
436 1371 497 1428 und
527 1373 559 1428 2:
597 1369 762 1445 Lysander,
798 1369 889 1428 durch
924 1370 976 1427 das
1014 1369 1109 1428 uldel<
1142 1373 1302 1446 verwdhnt,

295 1459 481 1517 macht'sich
505 1459 596 1517 durch
618 1459 782 1517 herrisches
807 1458 913 1517 Wesen
936 1459 1004 1516 sehr
1025 1458 1163 1518 verhasst.

237 1564 271 1624 B.
296 1564 370 1640 Kap.
392 1568 423 1625 3:
447 1564 480 1626 L.
505 1565 591 1624 sucht
613 1565 660 1623 die
684 1565 910 1642 Kdnigsgewalt
931 1565 962 1622 in
987 1564 1095 1641 Sparta
1118 1587 1154 1625 zu
1176 1570 1302 1642 stiirzen,

294 1654 364 1714 salu
386 1654 458 1713 aber
480 1655 571 1714 sehon
595 1657 657 1714 395
682 1654 730 1713 bei
752 1654 917 1714 Haliartus.
1023 1656 1027 1665 '

238 1759 267 1820 O.
291 1760 367 1836 Kap.
392 1766 425 1820 4:
466 1763 522 1820 Die
559 1762 851 1839 Doppelzdngigkeit
888 1761 983 1823 seinos
1014 1761 1137 1821 Wesens
1180 1762 1303 1828 beneist

201 1863 227 1902 10
294 1851 477 1909 namentlich
500 1852 548 1910 ein
571 1851 657 1910 Brief
677 1851 728 1909 des
751 1850 967 1909 Pharnabazus.

326 1985 358 2052 1.
382 1985 547 2071 Lysander
582 1987 852 2052 Lacedaemonius
892 2009 1043 2073 magnam
1083 1988 1215 2073 reliquit
1251 1989 1521 2062 suianaanan

234 2093 353 2157 famam
377 2098 409 2157 et
431 2093 585 2157 felicitate
608 2099 641 2158 et
663 2094 783 2158 virtute
805 2097 940 2177 partam.
981 2093 1192 2158 Athenienses
1216 2095 1300 2158 enim

235 2221 308 2263 cum
339 2199 581 2283 Peloponnesiis
616 2199 738 2264 bellum
770 2204 917 2286 gerentes
955 2205 1044 2264 sexto
1082 2204 1114 2264 et
1149 2201 1300 2265 vicesimo

171 2307 319 2370 4⁰5anno
339 2307 469 2390 devicit,
492 2328 608 2391 neque,
632 2307 666 2370 id
689 2329 752 2390 qua
775 2307 899 2371 ratione
923 2311 1111 2371 consecutus
1134 2307 1189 2391 sit,
1212 2307 1300 2372 latet.

201 2412 311 2477 nNon
334 2413 419 2476 enim
442 2413 563 2476 virtute
591 2413 650 2477 sui
681 2414 853 2498 exercitus,
876 2414 932 2477 sed
954 2414 1157 2478 immodestia
1179 2415 1300 2479 factum

234 2525 283 2583 est
301 2520 622 2603 adversariorum,
651 2521 729 2605 qui,
752 2521 838 2604 quod
862 2521 947 2585 dioto
975 2521 1139 2588 audientes
1167 2522 1299 2605 impera
1338 2545 1364 2602 χ

234 2627 359 2691 toribus
382 2627 449 2690 suis
471 2648 536 2690 non
564 2631 667 2711 erant,
695 2627 818 2710 palati
846 2627 880 2690 in
907 2628 993 2714 agris
1016 2629 1137 2692 relictis
1165 2629 1300 2692 navibus

235 2730 268 2792 in
286 2731 429 2794 hostium
453 2738 641 2796 venerunt
663 2737 864 2816 potestatem.
894 2733 964 2810 Quo
982 2735 1068 2798 facto
1087 2734 1299 2798 Athenienses

170 2839 268 2900 404se
290 2835 551 2902 Lacedaemoniis
575 2839 771 2904 dediderunt.

199 2963 224 3001 20
322 2943 393 3008 Hac
424 2945 560 3009 victoria
590 2944 754 3028 Lysander
789 2945 905 3030 elatus,
941 2967 1013 3009 cum
1051 2943 1144 3010 antea
1175 2969 1300 3031 semper
1331 2974 1369 3013 aa
1383 2975 1501 3014 notamur

1309 3036 1387 3076 maoht
1402 3037 1439 3076 die
1454 3037 1521 3085 Spar-

233 3051 387 3117 factiosus
405 3052 572 3136 audaxque
590 3052 717 3135 fuisset,
741 3052 787 3115 sic
805 3053 868 3116 sibi
891 3047 1037 3136 indulsit,
1051 3048 1097 3116 vut
1115 3053 1184 3116 eius
1203 3065 1299 3137 opera
1326 3101 1392 3138 „m
1405 3100 1507 3140 „mm

233 3159 267 3220 in
296 3157 473 3221 maximum
504 3147 613 3222 odium
642 3157 792 3222 Graeciae
814 3158 1058 3224 Lacedaemonii
1087 3161 1298 3242 pervenirent.

232 3263 318 3328 Nam
342 3285 414 3327 cum
437 3265 533 3328 hano
556 3285 683 3328 oausam
707 3265 950 3330 Lacedaemonii
976 3267 1210 3330 dictitavissent
1237 3265 1299 3331 sibi

233 3392 301 3433 esse
335 3370 425 3454 belli,
460 3375 502 3434 ut
531 3370 777 3435 Atheniensium
807 3373 1017 3456 impotentem
1048 3373 1298 3438 dominationem

198 3496 223 3536 a
233 3477 458 3562 refringerent,
481 3476 658 3561 Lysander,
680 3483 852 3562 postquam
871 3479 912 3542 ad
929 3477 1038 3563 Aegbs
1060 3479 1180 3542 fiumen
1199 3480 1298 3544 classe

232 3584 374 3665 hostium
416 3588 465 3647 est
504 3579 795 3668 potitus,'nihil
841 3585 955 3649 aliud
999 3579 1187 3650 molitus
1222 3590 1298 3671 est,

233 3711 344 3773 quam
372 3695 414 3753 ut
437 3713 548 3755 omnes
571 3691 717 3755 civitates
740 3692 774 3754 in
797 3706 862 3756 sua
885 3697 1008 3757 teneret
1030 3696 1201 3776 potestate,
1225 3714 1298 3756 cum

232 3797 265 3859 id
288 3819 321 3860 se
340 3796 726 3862 Lacedaemoniorum
750 3821 844 3863 causa
867 3799 970 3864 facere
994 3799 1167 3864 simularet.
1199 3798 1297 3865 Nam-

233 3925 294 3986 que
326 3905 467 3988 undrque
499 3904 558 3988 cis,
596 3905 652 3989 qui
682 3904 929 3970 Atheniensium
965 3907 1060 3971 rebus
1092 3907 1297 3990 studuissent,

195 4029 223 4068 so
232 4010 341 4074 eiectis
374 4011 482 4076 decem
515 4012 676 4098 delegerat
702 4013 736 4076 in
763 4035 827 4076 una
855 4035 980 4098 quaque
1007 4014 1149 4097 civitate,
1180 4014 1297 4097 quibus

232 4137 392 4180 summum
422 4119 593 4202 imperium
608 4113 610 4118 ’
623 4123 879 4204 potestatemque
903 4121 1046 4184 omnium
1076 4143 1183 4184 rerum
1213 4143 1296 4186 com·

231 4222 383 4287 mitteret.
425 4224 551 4290 Horum
575 4226 609 4289 in
631 4247 801 4290 numerum
824 4249 930 4291 nemo
954 4227 1197 4312 admittebatur,
1221 4228 1297 4292 nisi
