2940 4710
513 358 737 412 ALEXANDER
755 359 915 414 MAGNUS.
1204 367 1246 429 65

268 519 370 584 Porus
399 544 417 584 a
443 521 591 605 plurimis
622 521 794 585 destitutus
821 522 886 586 tela
915 523 949 585 in
972 523 1081 587 hostes
1104 525 1326 607 undiquemrus
1351 551 1410 590 wne
1431 553 1458 592 ue

87 622 90 630 ’
179 626 335 690 instantes
366 627 467 711 misit,
500 629 555 691 sed
587 651 702 692 novem
734 629 919 692 vulneribus
950 630 1088 714 acceptis
1117 631 1183 695 labi
1207 655 1245 695 ex
1276 614 1449 726 lefflgssssffi

178 733 273 797 belua
292 734 405 818 coepit.
446 733 576 819 Indus,
600 736 654 819 qui
670 736 875 819 elephantum
894 738 1038 821 regebat,
1058 737 1245 801 descendere

179 862 252 903 eum
274 840 357 904 velle
381 841 594 906 arbitratus
617 843 823 926 elephantum
847 844 1056 926 procumbere
1079 844 1120 906 ad
1142 867 1246 930 genua

157 946 305 1031 siussit3
344 948 398 1031 qui
433 948 489 1012 ubi
524 972 556 1012 se
589 949 751 1032 submisit,
787 949 883 1013 ceteri
914 972 1055 1033 quoque,
1072 950 1130 1029 ita
1160 952 1245 1015 enim

178 1053 319 1117 instituti
333 1060 437 1138 erant,
448 1057 536 1118 idem
550 1057 702 1120 fecerunt.
740 1055 827 1132 Quae
842 1079 892 1120 res
906 1055 1026 1120 Porum
1041 1056 1245 1142 reliquosque

177 1160 212 1222 in
234 1183 348 1225 manus
370 1161 513 1226 hostium
537 1163 632 1227 dedit.
674 1163 856 1227 Alexander
879 1167 973 1246 capto
996 1164 1065 1249 regi
1084 1186 1244 1228 summum

176 1267 331 1331 honorem
354 1268 470 1332 tribuit
493 1268 693 1353 ampliusque
715 1291 849 1354 regnum
869 1269 1012 1352 donavit,
1037 1292 1132 1352 quam
1152 1275 1245 1334 antea

176 1375 373 1457 possederat,
402 1397 465 1459 quo
493 1376 707 1459 potentiorem
738 1398 811 1438 eum
839 1375 961 1439 socium
987 1375 1021 1438 in
1047 1381 1168 1440 ceteros
1194 1375 1243 1440 In-

143 1504 168 1542 ro
178 1480 291 1544 dorum
314 1503 405 1566 reges
428 1483 570 1546 haberet.

264 1585 319 1657 22.
334 1588 418 1653 Poro
439 1589 562 1653 devicto
576 1588 758 1653 Alexander
776 1589 810 1652 in
828 1588 995 1652 interiores
1009 1587 1118 1652 Indiae
1136 1594 1244 1672 partes
1275 1617 1318 1656 me
1332 1616 1441 1658 Soluaten

175 1695 342 1778 processit,
370 1695 434 1759 iam
463 1696 595 1760 orientis
618 1697 698 1759 fines
721 1695 783 1759 sibi
806 1700 934 1779 apertos
957 1718 1025 1758 esse
1048 1682 1457 1785 existimanS.w}}{³}{⁸²,¹ss,⁸¹{,¹2,

177 1800 239 1865 Sed
268 1824 341 1865 cum
371 1803 412 1865 ad
438 1802 596 1886 HypAsim
626 1802 745 1865 flumen
773 1806 964 1885 perventum
996 1807 1092 1886 esset,
1124 1803 1243 1867 milites
1306 1806 1415 1846 ⁸⁰ffl⁰¹⁶2

174 1909 338 1992 perpetuis
360 1908 526 1972 laboribus
550 1909 687 1973 confecti
705 1909 834 1994 longius
853 1932 885 1972 se
904 1930 1130 1994 progressuros
1149 1931 1243 1994 nega-

140 2020 297 2079 laverunt.
334 2015 413 2079 Rex
433 2016 539 2099 primo
557 2016 763 2080 vehementer
781 2015 919 2098 iratuS,
938 2021 1077 2098 tamen,
1096 2037 1169 2078 cum
1188 2038 1242 2079 eos

175 2143 240 2185 non
272 2122 428 2206 animum,
461 2122 517 2186 sed
547 2122 631 2186 vires
664 2123 704 2186 ad
735 2122 797 2186 iter
829 2121 1081 2186 continuandum
1109 2122 1242 2185 deficere

174 2228 397 2311 intellexisset,
421 2229 588 2293 duodecim
607 2229 670 2292 aris
689 2252 728 2292 ex
748 2229 903 2313 quadrato
922 2249 1013 2312 sax0,
1038 2251 1118 2312 quae
1137 2234 1243 2292 essent

171 2325 386 2417 ¹expeditionis
420 2358 495 2399 suae
529 2341 786 2420 monumentum,
817 2334 987 2399 exstructis
1022 2336 1147 2420 eodem,
1178 2358 1240 2419 quo

174 2447 316 2526 venerat,
340 2443 454 2506 itinere
477 2443 518 2506 ad
540 2443 726 2527 Hydaspem
749 2443 868 2506 flumen
892 2441 1016 2505 rediit.

138 2571 164 2610 ro
263 2548 313 2612 Ibi
332 2571 482 2634 magnam
502 2549 635 2614 classem
654 2549 882 2614 aedificandam
901 2547 1025 2612 curavit
1042 2548 1240 2613 Phoenicum
1277 2575 1304 2615 A.
1319 2576 1381 2615 arem
1394 2577 1439 2616 aen

174 2658 208 2717 et
235 2653 483 2739 Aegyptiorum,
515 2657 571 2739 qui
601 2658 634 2720 in
665 2656 806 2720 exercitu
838 2659 941 2738 erant,
974 2655 1111 2718 maxime
1145 2669 1240 2739 opera
1277 2640 1348 2678 Ilm
1362 2639 1439 2679 him·

174 2783 257 2824 usus.
294 2759 380 2845 lpse,
396 2784 468 2825 cum
483 2760 645 2826 Ocetinum
659 2762 745 2825 adire
760 2761 869 2844 vellet,
884 2783 957 2824 cum
970 2765 1061 2844 parte
1076 2762 1240 2844 copiarum

173 2869 311 2932 secundo
326 2869 457 2932 flumine
472 2868 636 2953 navigavit
649 2867 828 2952 elephantis
841 2866 1141 2951 impedimentisque
1156 2873 1240 2932 terra

173 2975 388 3057 sequentibus
427 2975 546 3052 Quinto
566 2975 616 3039 die
635 2975 734 3039 classe
753 2973 887 3057 appulsa
905 2974 946 3036 ad
963 2972 1092 3056 Mallos,
1112 2979 1240 3058 gentem

137 3103 164 3142 aa
173 3080 462 3166 bellicosissimam,
476 3081 630 3166 pervenit.
663 3081 704 3145 Ei
718 3079 938 3144 Alexandrum
952 3079 1106 3164 oppidum
1120 3079 1240 3145 intrare

174 3189 351 3250 vetuerunt.
405 3186 519 3272 ltaque
551 3212 607 3253 rex
640 3187 808 3253 confestim
840 3187 998 3270 impetum
1029 3187 1108 3251 facit
1144 3192 1239 3271 atque

173 3291 267 3355 scalis
290 3293 427 3357 admotis
454 3294 522 3378 ipse
544 3296 668 3379 primus
691 3318 764 3359 cum
786 3294 897 3378 paucis
920 3293 1091 3358 comitibus
1114 3295 1240 3358 moenia
1316 3311 1318 3315 ’

174 3399 322 3464 ascendit.
357 3398 462 3465 Ceteri
481 3401 599 3466 milites
619 3424 691 3466 cum
710 3389 804 3484 sequi
820 3401 997 3484 studerent,
1016 3399 1110 3464 scalis
1128 3401 1239 3464 fractis

171 3506 432 3590 praecipitantur.

135 3635 163 3676 co
261 3611 311 3676 Ita
338 3637 394 3678 rex
423 3614 509 3678 solus
532 3615 598 3678 fere
622 3615 656 3676 in
678 3635 771 3677 muro
795 3619 859 3678 stat
882 3614 955 3678 telis
977 3614 1120 3678 hostium
1143 3637 1236 3698 expo·
1262 3641 1288 3680 A.
1302 3641 1328 3680 rn
1346 3642 1448 3682 nemne-

172 3719 260 3782 situs.
302 3719 384 3784 Tum
408 3721 490 3784 nihil
512 3725 679 3785 cunctatus
702 3742 770 3784 rem
789 3721 885 3784 audet
904 3720 1122 3784 incredibilem
1142 3726 1238 3806 atque
1314 3704 1401 3752 “sm

171 3825 356 3890 inauditam.
402 3826 519 3891 Desilit
547 3828 632 3890 enim
662 3827 696 3890 in
723 3827 866 3891 hostium
894 3827 1006 3891 urbem
1036 3831 1132 3911 atque
1155 3850 1238 3892 unus

105 3939 109 3947 '
172 3955 244 3996 cum
272 3933 392 3996 ‘multis
429 3933 567 3998 dimicat.
622 3933 695 3997 Duo
732 3956 805 3998 eum
842 3933 942 3997 secuti
974 3938 1064 3996 erant
1096 3935 1237 4018 comites,

172 4039 227 4122 qui
257 4062 329 4104 eum
360 4039 469 4123 chpeis
499 4041 659 4126 tegebant.
709 4039 828 4104 Hostes
857 4062 932 4104 vero
965 4061 1073 4125 regem
1105 4040 1236 4124 eiusque
1275 4101 1276 4104 ,

135 4169 161 4210 sa
171 4146 273 4211 socios
301 4147 463 4210 confectos
491 4170 527 4210 ac
553 4147 738 4211 vulneratos
760 4147 904 4210 videntes
926 4146 1059 4229 propius
1083 4148 1237 4210 accedunt

222 4270 310 4320 Nepos,
325 4269 454 4320 Cornelius,
468 4283 488 4309 v.
497 4271 595 4319 Fugner.
625 4271 689 4310 Text.
1007 4273 1022 4321 5
