2940 4710
220 353 261 415 16
644 347 803 400 causas]
832 347 859 402 s

218 533 326 595 gener,
346 511 379 573 in
398 511 511 593 primis
531 512 673 573 omnium
693 509 862 573 Persarum
881 516 914 573 et
932 533 1028 573 manu
1046 512 1141 574 fortis
1160 517 1192 575 et
1216 534 1276 575 can

219 618 282 680 silii
306 618 435 699 plenus,
459 639 532 679 cum
555 618 701 680 ducentis
723 617 855 681 milibus
878 618 1036 701 peditum,
1060 640 1140 700 quos
1163 619 1251 681 ririt'

218 724 353 809 legerat,
372 729 404 787 et
418 725 535 808 viginti
551 725 696 807 equitum
715 724 802 787 haud
820 726 866 787 ita
885 747 1003 809 magna
1022 747 1119 787 manu
1136 724 1288 789 Graeciae

218 832 378 915 fugatus
409 836 472 893 est
501 852 603 913 eoque
627 832 741 894 cecidit
764 831 895 914 proelio,

18 964 208 1003 aramma.
308 938 378 1013 Qua
395 938 531 1001 victoria
549 938 652 1001 elatus
675 937 815 1020 plurima
833 937 966 1000 miscere
984 939 1090 1020 coepit
1114 943 1146 1000 et
1164 940 1312 1004 maiores

218 1046 449 1126 concupiscere.
492 1044 554 1108 Sed
576 1046 717 1128 primum
742 1045 779 1107 in
803 1066 845 1107 eo
868 1049 916 1106 est
939 1044 1163 1127 reprehensus,
1188 1047 1288 1128 quod

218 1174 257 1214 ex
275 1153 393 1234 praeda
412 1152 571 1234 tripodem
586 1173 718 1215 aureum
733 1150 868 1234 Delphis
881 1152 1041 1233 posuisset
1056 1152 1287 1235 epigrammate

218 1259 387 1341 inscripta,
411 1260 444 1322 in
469 1280 533 1342 quo
551 1258 644 1320 haec
667 1262 736 1321 erat
764 1259 934 1320 sententia:
956 1278 1012 1322 suo
1031 1259 1123 1323 ductu
1140 1260 1288 1325 barbaros

218 1367 305 1448 apud
325 1364 474 1430 Plataeas
495 1386 558 1431 esse
579 1366 688 1431 deleta
709 1372 739 1430 et
759 1366 795 1430 ob
817 1386 887 1430 eam
907 1366 1069 1430 adoriam
1090 1386 1126 1429 sc
1144 1367 1288 1449 Apollini

218 1473 253 1536 id
274 1474 390 1536 mam
407 1474 530 1537 dedisce.
560 1472 629 1535 Hos
652 1494 762 1535 versus
780 1471 1024 1535 Lacedaemonii
1043 1472 1287 1554 exsculpserunt
1297 1499 1324 1538 rc

218 1601 321 1661 neque
351 1579 438 1641 aliud
465 1579 662 1662 scripserunt
692 1600 787 1660 quam
818 1579 948 1641 nomina
976 1601 1085 1642 earum
1110 1579 1287 1655 civitatum,

219 1707 353 1768 quarum
378 1686 499 1749 auxilio
522 1685 637 1748 Persae
660 1689 751 1747 erant
772 1684 859 1746 victi.

119 1829 134 1856 u
176 1828 209 1855 a.
309 1792 343 1857 2.
365 1791 444 1856 Post
467 1793 500 1855 id
527 1793 686 1876 proelium
712 1791 848 1854 eundem
871 1791 1062 1854 Pausaniam
1085 1814 1158 1855 cum
1187 1792 1287 1855 classe

82 1891 93 1918 ¹
120 1910 124 1918 '
219 1899 382 1962 communi
410 1898 553 1982 Cyprum
583 1904 679 1982 atque
706 1897 953 1980 Hellespontum
983 1899 1153 1982 miserunt,
1183 1904 1219 1962 ut
1247 1922 1286 1962 ex

219 2005 259 2068 iis
295 2005 481 2090 regionibus
522 2006 733 2070 barbarorum
774 2005 934 2088 praesidia
970 2005 1151 2087 depelleret.
1211 2005 1349 2071 Parilia

218 2111 372 2175 felicitate
391 2112 423 2175 in
439 2135 476 2176 ea
494 2136 529 2176 re
547 2135 637 2195 usus,
655 2113 771 2176 elatius
790 2135 823 2176 se
837 2135 947 2198 gerere
962 2113 1067 2195 coepit
1085 2112 1285 2194 maioresque
1296 2139 1321 2176 re

219 2223 367 2300 appetere
386 2242 444 2282 res.
477 2219 561 2284 Nam
581 2242 654 2283 cum
668 2219 825 2302 Byzantio
844 2224 1028 2303 expugnato
1048 2219 1183 2302 cepisset
1202 2241 1285 2282 com—

217 2324 326 2406 plures
345 2325 514 2389 Persarum
533 2325 658 2389 nobiles
677 2330 774 2408 atque
797 2327 830 2388 in
853 2326 899 2388 eis
918 2325 1091 2388 nonnullos
1109 2327 1194 2409 regis
1213 2346 1284 2406 pro-

217 2431 369 2515 pinquos,
392 2433 452 2495 hos
480 2433 561 2496 clam
588 2431 687 2495 Xerxi
711 2432 861 2494 remisit
888 2432 1055 2514 simulans,
1078 2453 1132 2494 eos
1156 2454 1194 2494 ex
1217 2432 1284 2494 rin-

219 2537 299 2600 culis
316 2538 455 2620 publicis
474 2538 636 2623 effugisse,
655 2542 778 2602 etcum
798 2538 838 2601 iis
857 2537 1041 2622 Gongylum
1059 2537 1322 2620 Eretriensemm

219 2644 274 2727 qui
297 2645 422 2708 litteras
445 2645 514 2730 regi
536 2645 696 2728 redderet,
719 2645 753 2708 in
777 2644 894 2728 quibus
921 2644 1013 2707 haec
1039 2645 1138 2708 fuisse
1167 2646 1286 2729 scripta

219 2750 422 2835 Thucydides
445 2753 617 2817 memoriae
640 2752 796 2835 prodidit:

16 2883 209 2923 »osannam
304 2854 512 2945 ‘Pausaniaa
535 2862 600 2926 dua
616 2859 762 2946 Spartae,
784 2882 860 2942 qaas
883 2861 1034 2943 Byzantii
1055 2866 1184 2943 ceperat,
1200 2866 1285 2942 post-

35 2957 65 2986 ‘¹¹
78 2946 173 2986 '‘⁰¹¹⁰''
218 2987 312 3048 qaam
336 2968 528 3049 propinquos
557 2973 624 3032 taos
652 2968 800 3050 capacia,
830 2967 886 3030 tibi
913 2967 1037 3030 muneri
1065 2967 1170 3031 misit
1197 2986 1287 3048 seque

219 3078 316 3137 team
338 3072 494 3154 affinitate
515 3074 661 3154 coaiaapi
683 3074 781 3155 capit;
810 3093 917 3156 quare,
944 3074 974 3137 si
996 3072 1053 3136 tibi
1074 3073 1205 3156 videtur,
1234 3075 1322 3138 desa

218 3180 247 3243 ci
264 3179 366 3259 fitium
384 3184 470 3244 taam
487 3184 628 3262 acptum.
659 3178 702 3243 Iat
717 3180 747 3243 si
763 3177 884 3262 feceris,
901 3183 931 3243 et
947 3177 1096 3260 Spartam
1114 3183 1143 3242 et
1158 3183 1286 3242 cetcraia

219 3284 385 3352 Graeciam
407 3286 462 3351 aab
485 3290 572 3350 taam
588 3290 767 3370 potestatam
792 3305 824 3350 se
850 3286 1016 3351 adiuvante
1037 3290 1065 3350 te
1090 3286 1285 3349 redacturum

212 3393 383 3477 pollicetur.
429 3393 494 3458 His
528 3394 565 3457 dc
599 3392 687 3457 retia
722 3393 751 3457 si
781 3393 858 3474 quid
889 3393 957 3474 peri
986 3392 1132 3473 actuaris,
1170 3394 1284 3452 certam

219 3498 372 3565 bominem
389 3502 433 3566 ad
454 3521 522 3565 cam
544 3501 662 3584 midae,
685 3518 813 3581 quocum
836 3493 1043 3578 colloquatur?

24 3632 47 3671 Ρ.
61 3632 120 3672 wira
133 3644 183 3673 var·
308 3605 386 3669 Rex
419 3610 468 3670 tot
502 3605 669 3669 hominum
702 3604 804 3667 salute
840 3608 907 3666 tam
939 3602 1002 3665 sibi
1034 3601 1284 3665 necessariorum
1294 3624 1323 3664 ao

16 3694 155 3806 mgffiffl
170 3696 210 3734 “b'
219 3734 336 3797 magno
356 3734 451 3795 opere
470 3712 638 3797 gavisus,
657 3709 825 3774 confestim
844 3731 917 3773 cum
936 3709 1074 3793 epistula
1088 3709 1285 3772 Artabazum

219 3820 259 3883 ad
277 3818 468 3882 Pausaniam
492 3818 629 3902 mittit,
651 3817 685 3880 in
704 3839 768 3900 qua
791 3838 863 3880 eum
887 3816 1048 3881 collaudat
1071 3837 1108 3880 ac
1130 3816 1226 3900 petit,
1248 3838 1286 3880 aa

218 3929 269 3991 cai
291 3927 337 3991 rei
359 3931 472 4008 parcat
493 3927 536 3991 ad
556 3946 593 3990 ea
619 3923 792 4010 efficienda,
818 3945 896 4007 qaae
910 3925 1111 4008 pellicatum
1138 3923 1285 4008 sipcrfc·

219 4035 304 4118 ecrit,
340 4053 409 4098 eum
445 4033 564 4098 cottias
595 4032 642 4096 rei
677 4053 699 4096 a
733 4051 765 4096 se
796 4032 952 4114 repulsam
983 4033 1130 4097 tatarum.
1186 4029 1285 4094 Cuius

219 4139 393 4203 Pausanias
420 4139 587 4205 voluntate
615 4137 745 4223 cognita
772 4137 908 4202 alacrior
935 4139 976 4202 ad
1010 4162 1078 4203 rem
1112 4138 1324 4223 gerendama
