2940 4710
600 357 808 412 nausimus.
1199 365 1241 426 49

174 527 286 585 nactus
319 526 367 584 est
399 521 432 583 in
463 542 620 604 corpore
653 521 811 605 fingendo.
857 520 942 584 Nam
974 526 1006 583 et
1033 525 1156 585 statura
1180 523 1243 585 fuit

173 628 289 692 humili
320 633 352 691 et
382 648 514 710 corpore
544 627 660 712 exiguo
685 632 717 690 et
740 627 872 690 claudus
896 627 996 690 altero
1019 629 1108 711 pede.
1155 628 1242 704 Quae

173 757 224 798 res
243 734 340 797 etiam
360 733 548 796 nonnullam
567 733 720 797 afferebat
740 734 990 816 deformitatem,
1015 739 1110 818 atque
1130 736 1242 820 ignoti,

174 840 309 904 faciem
333 839 401 903 eius
425 862 497 903 cum
520 839 742 923 intuebantur,
765 841 1025 925 contemnebant,
1057 841 1112 924 qui
1136 846 1242 904 autem

151 947 341 1012 avirtutes
364 952 533 1031 noverant,
556 970 621 1011 non
643 951 793 1031 poterant
816 946 894 1009 satis
919 946 1077 1011 admirari.

110 1062 163 1117 acl
264 1053 356 1129 Quod
374 1053 403 1116 61
422 1053 549 1137 accidit,
569 1075 650 1117 cum
669 1076 782 1117 senex
802 1074 958 1117 annorum
982 1053 1146 1139 octoginta
1169 1055 1241 1118 sub·
1260 1073 1458 1146 unsaramma

174 1159 255 1223 sidio
280 1159 387 1223 Tacho
411 1160 444 1223 in
463 1159 648 1246 Aegyptum
677 1160 792 1224 missus
822 1160 855 1223 in
876 1160 971 1223 litore
995 1161 1240 1225 accubuisset
1259 1135 1458 1248 amaena-11

102 1306 107 1315 ·
174 1266 242 1329 sine
265 1267 332 1330 ullo
355 1271 441 1330 tecto
465 1271 665 1350 stratumque
692 1266 852 1330 haberet
880 1267 957 1350 tale,
988 1271 1024 1330 ut
1047 1271 1132 1330 terra
1156 1271 1241 1331 tecta
1312 1261 1402 1300 mm·
1448 1351 1452 1358 Ι

175 1378 257 1436 esset
289 1373 473 1437 stramentis
506 1396 608 1457 neque
639 1374 703 1437 huc
735 1373 872 1456 amplius
905 1397 1001 1457 quam
1033 1373 1128 1456 pellis
1160 1379 1243 1439 esset

140 1506 164 1544 11
174 1478 304 1563 iniecta,
327 1481 450 1563 eodem,
475 1502 538 1563 quo
563 1480 695 1544 comites
720 1502 842 1564 omneS,
866 1483 984 1544 vestitu
1008 1479 1123 1543 humili
1147 1485 1243 1564 atque

175 1570 333 1669 obsoleto,
367 1591 408 1651 ut
440 1609 551 1650 eorum
584 1592 716 1652 ornatus
749 1608 822 1651 non
852 1588 961 1650 modo
991 1586 1025 1650 in
1057 1587 1102 1650 eis
1134 1609 1243 1672 regem

174 1693 360 1756 neminem
391 1693 653 1778 significaret,
683 1694 748 1756 sed
775 1693 922 1756 homines
950 1715 1017 1756 esse
1040 1717 1106 1758 non
1128 1694 1243 1758 beatis-

174 1799 272 1862 simos
296 1800 509 1883 suspicionem
531 1801 742 1884 praeberet.
762 1838 804 1845 —
824 1798 916 1863 Illius
940 1800 977 1863 de
1001 1801 1139 1865 adventu
1157 1802 1244 1864 fama

175 1928 247 1969 cum
272 1907 312 1969 ad
334 1907 440 1992 regios
463 1912 546 1971 esset
568 1907 705 1990 perlata,
729 1905 874 1971 celeriter
895 1929 1028 1970 munera
1047 1929 1083 1970 eo
1104 1907 1243 1970 cuiusvis

140 2037 165 2076 15
175 2013 300 2097 generis
323 2019 398 2077 sunt
422 2015 526 2078 allata.
572 2012 704 2078 Nuntiis
728 2012 915 2098 Agesilaum
939 2012 1166 2096 quaerentibus
1188 2014 1243 2077 vix

174 2119 254 2183 fides
280 2121 366 2184 facta
394 2125 442 2184 est
473 2143 573 2184 unum
601 2142 668 2183 esse
696 2120 769 2183 eum
797 2119 910 2203 exiis,
940 2119 1088 2203 quitum
1112 2121 1242 2184 accuba-

175 2226 262 2289 bant.
309 2226 370 2302 Qui
399 2249 471 2291 cum
501 2227 586 2311 regis
609 2225 729 2310 verbiS,
758 2249 839 2309 quae
862 2225 1049 2309 attulerant,
1074 2226 1242 2311 dedissent,

174 2331 242 2395 ille
264 2339 391 2416 praeter
414 2333 584 2398 vitulinam
607 2338 639 2396 et
663 2333 730 2396 eius
753 2332 840 2397 modi
864 2354 981 2417 genera
999 2332 1138 2415 obsonii,
1162 2356 1242 2416 quae

174 2462 323 2522 praesens
351 2445 478 2525 tempus
509 2440 721 2523 desiderabat,
751 2439 851 2502 nihil
878 2439 1039 2523 accepit;
1069 2445 1242 2524 unguenta,

139 2569 165 2608 1ο
176 2567 308 2610 coronas
340 2547 574 2631 secundamque
611 2569 754 2610 mensam
791 2545 890 2609 servis
928 2545 1100 2629 dispertiit,
1138 2550 1242 2610 cetera

174 2652 286 2714 referri
323 2652 424 2716 iussit.
489 2652 559 2728 Quo
601 2654 686 2717 facto
729 2675 802 2716 eum
839 2651 968 2715 barbari
1005 2652 1108 2737 magis
1144 2653 1241 2717 etiarn

176 2762 448 2841 contempserunt,
481 2760 567 2842 quod
599 2782 672 2822 eum
704 2757 886 2843 ignorantia
918 2758 1102 2822 bonarum
1134 2781 1241 2823 rerum

175 2864 269 2927 vilia
290 2864 495 2948 potissimum
517 2865 690 2948 sumpsisse
714 2864 962 2928 arbitrabantur.

264 2970 355 3035 Cum
387 2995 425 3049 ex
457 2971 607 3058 Aegypto
640 2973 914 3052 reverteretur,
947 2969 1084 3034 donatus
1117 2994 1135 3034 a
1167 2993 1241 3057 rege
1282 2999 1431 3061 uanum

139 3101 165 3142 11
174 3077 393 3142 Nectanabide
421 3078 566 3142 ducentis
595 3078 718 3164 vigenti
748 3075 890 3161 talentiS,
921 3099 1002 3160 quae
1031 3077 1093 3141 ille·
1115 3079 1240 3142 muneri
1300 3061 1414 3112 Agypan.

173 3185 293 3268 populo
317 3207 375 3248 suo
400 3185 501 3269 daret,
529 3185 775 3268 venissetque
797 3185 831 3247 in
854 3188 997 3268 portum,
1026 3184 1080 3268 qui
1104 3184 1240 3250 Menelai

174 3295 319 3375 vocatur,
348 3296 446 3354 situm
473 3291 557 3354 inter
581 3290 721 3375 Cyrenas
749 3296 781 3355 et
803 3290 1000 3376 Aegyptum,
1031 3292 1064 3354 in
1092 3292 1240 3355 morbum

110 3404 163 3460 ael
175 3399 350 3482 implicitus
369 3397 542 3461 decessit.
579 3395 630 3462 Ibi
649 3421 722 3462 eum
742 3397 848 3481 amici,
868 3420 931 3481 quo
948 3397 1096 3480 Spartam
1115 3396 1240 3459 facilius

173 3507 314 3589 perferre
337 3508 480 3588 possent,
505 3505 590 3588 quod
613 3504 685 3568 mel
708 3525 772 3567 non
794 3504 970 3588 habebant,
1001 3515 1084 3567 cera
1108 3503 1239 3566 circum·

138 3614 326 3677 refuderunt
350 3616 445 3694 atque
468 3610 514 3674 ita
538 3612 668 3675 domum
691 3611 893 3676 rettulerunt.

227 4270 315 4320 Nepos,
330 4268 460 4323 Cornelius,
474 4281 495 4309 v.
507 4270 604 4320 Fugner.
635 4273 700 4314 Text.
