2940 4710
537 320 824 387 ‘inanisinanes
1175 338 1213 400 11

240 498 271 562 7.
290 497 656 581 Themistoclesautem,
674 501 711 560 ut
724 496 994 559 Lacedaembnem
1008 497 1109 580 venit,
1129 496 1215 560 adire
1253 522 1293 560 un.
1307 521 1358 560 aare
1374 521 1411 561 aa

149 603 189 666 ad
202 604 410 689 magistratus
429 603 532 667 noluit
551 608 583 667 et
602 603 689 666 dedit
704 625 847 686 operam,
865 607 902 665 ut
919 625 1014 686 quam
1029 603 1215 688 longissime
1242 583 1421 695 aasspqffla

148 713 275 793 tempus
299 711 440 794 duceret,
471 733 598 774 causam
630 711 837 794 interponens
871 732 904 772 se
928 709 1067 795 collegas
1090 732 1215 793 exspec-

148 821 224 880 tare.
272 813 352 880 Cum
380 817 624 881 Lacedaemonii
653 821 861 901 quererentur
893 838 969 899 opus
990 817 1088 882 nitito
1110 819 1216 882 minus

126 925 216 1004 aeteri
238 945 364 1006 etimne
385 926 421 989 in
442 946 480 990 ea
500 946 534 990 ne
556 927 663 990 eonati
683 925 805 1008 fallere,
828 924 958 987 interim
976 923 1093 1007 reliqui
1115 924 1215 1009 legati

148 1035 224 1093 sunt
260 1031 430 1094 consecuti.
483 1029 514 1094 A
546 1033 662 1114 quibus
699 1053 770 1094 cum
804 1031 944 1094 audisset
979 1053 1044 1093 non
1076 1031 1215 1094 multum

148 1159 311 1220 superesse
341 1138 543 1221 munitionis,
577 1139 617 1201 ad
646 1138 783 1221 ephbros
805 1136 1130 1201 Lacedaemoniorum
1159 1159 1213 1200 ac-

148 1245 278 1327 cessit,
301 1267 398 1326 penes
417 1266 498 1328 quos
517 1267 678 1308 summum
698 1249 766 1307 erat
785 1244 969 1327 imperium,
993 1249 1106 1327 atque
1130 1245 1215 1328 apud

148 1371 201 1413 eos
239 1350 437 1414 contendit
470 1351 557 1431 falsa
587 1353 628 1416 iis
650 1372 711 1416 esse
733 1353 850 1429 delata;
883 1372 978 1432 qnare
1000 1373 1132 1434 aequaeua
1154 1373 1216 1416 esse

113 1481 138 1520 ιο
148 1458 217 1522 ilios
233 1459 316 1522 oinos
342 1459 434 1524 bones
462 1459 633 1540 nobilesque
664 1459 794 1542 mittere,
826 1459 878 1532 ani
909 1478 973 1522 rem
1005 1459 1213 1540 captonarent;

146 1565 264 1628 interea
285 1585 316 1630 se
338 1565 469 1631 obsidem
491 1567 663 1630 retinerent.

237 1669 354 1734 Gestus
386 1675 434 1734 est
471 1671 499 1734 ei
536 1693 619 1754 mos,
656 1677 784 1755 tresque
815 1672 915 1756 legati
944 1671 1047 1734 functi
1080 1671 1213 1735 summis
1223 1693 1386 1740 sarsenatae
1394 1693 1421 1734 a<

146 1776 323 1840 honoribus
346 1777 491 1841 Athenas
523 1779 613 1842 missi
645 1783 727 1842 sunt.
775 1777 856 1842 Cum
888 1779 939 1841 his
971 1779 1110 1864 collegas
1138 1756 1304 1842 suossandte
1317 1755 1421 1796 mmm

146 1883 377 1948 Themistocles
400 1886 494 1948 iussit
515 1885 676 1969 proficisci
703 1886 805 1970 iisque
836 1886 1010 1969 praedixit,
1041 1906 1080 1950 ne
1107 1887 1214 1967 prins

112 2015 136 2054 a
147 1991 457 2058 Lacedaemoniorum
481 1995 592 2075 tepatos
614 1994 808 2076 dimitterent,
840 2013 948 2074 qnam
975 1995 1039 2075 ipse
1065 1997 1140 2057 esset
1164 2014 1211 2057 re-

145 2099 265 2163 missus.
302 2096 372 2161 Hos
390 2097 535 2162 Athenas
552 2099 734 2183 pervenisse
753 2098 927 2162 arbitratus
946 2099 987 2161 ad
1004 2099 1213 2183 magistratus
1222 2122 1268 2162 nes
1283 2123 1323 2161 nn.
1333 2122 1421 2162 aanor

146 2207 354 2287 senatumque
368 2204 693 2269 Lacedaemoniorum
712 2207 792 2268 adiit
810 2210 842 2268 et
865 2206 951 2289 apud
973 2226 1027 2268 eos
1049 2205 1212 2270 liberrime
1285 2185 1372 2232 ΒΜ

144 2310 308 2391 professus
331 2316 391 2374 est:
424 2313 666 2378 Athenienses
695 2334 759 2378 sao
787 2313 925 2398 conuitio,
957 2315 1038 2395 qnod
1058 2316 1213 2378 communi

144 2420 212 2482 inre
240 2420 378 2501 pentinn
407 2419 508 2500 faeere
531 2427 668 2506 possent,
699 2422 769 2486 deos
783 2419 924 2504 pithiieos
945 2440 1074 2502 snosqne
1089 2421 1213 2504 patrios

109 2547 181 2594 zoae
202 2531 342 2611 penaas,
372 2547 430 2609 qno
451 2528 580 2608 facilins
602 2528 640 2592 ab
662 2528 745 2592 hoste
763 2531 890 2611 possent
911 2527 1080 2612 defendere,
1112 2530 1213 2593 niens

144 2635 325 2715 saepsisse
355 2654 466 2716 neque
494 2636 530 2699 in
556 2655 603 2718 eo,
634 2637 716 2717 qnod
736 2633 845 2699 inatile
867 2639 942 2698 esset
964 2632 1127 2717 Graeciae,
1157 2633 1210 2714 fe·

144 2740 243 2804 cisse.
290 2739 377 2803 Nan
405 2741 531 2804 ittoiaen
559 2741 664 2805 arten
693 2746 729 2804 nt
748 2740 1019 2823 propnpnaeninn
1041 2742 1212 2823 oppositam

144 2866 205 2911 esse
236 2846 389 2930 barbaris,
422 2847 507 2930 apid
536 2867 631 2929 qnam
662 2847 727 2910 ian
758 2847 805 2911 bis
835 2848 946 2912 classes
976 2847 1077 2927 sepias
1105 2846 1213 2925 fecisse

144 2953 355 3036 naufrapinm.
399 2953 713 3019 Lacedaemonios
740 2957 841 3018 anam
868 2953 949 3018 neate
977 2953 1139 3018 etininste
1159 2952 1211 3032 sa-

109 3081 219 3142 naem,
242 3062 296 3143 qni
313 3061 349 3126 id
362 3062 470 3144 potins
487 3063 686 3145 intuerentur,
708 3061 790 3142 qaod
811 3061 974 3144 ipsoram
996 3060 1211 3142 dominationi,

144 3188 238 3249 qnam
268 3168 350 3250 parad
382 3169 543 3233 aniversae
575 3166 753 3233 Graeciae
787 3167 861 3231 utile
896 3172 977 3232 esset.
1033 3165 1148 3250 Quare,
1184 3168 1212 3231 si

143 3294 214 3339 snos
246 3275 358 3356 tepates
383 3275 513 3356 recipere
539 3275 659 3359 eettent,
689 3296 770 3358 quos
802 3272 946 3336 Athenas
979 3271 1145 3355 miserant,
1176 3293 1212 3337 se

143 3382 336 3446 remitterent.

234 3486 267 3553 8.
284 3488 406 3551 Tamen
424 3509 489 3550 non
508 3487 621 3572 elingit
640 3487 757 3551 civium
777 3509 908 3550 suorum
922 3487 1085 3550 invidiam.
1113 3486 1210 3551 Nam·
1239 3513 1279 3551 m.
1294 3511 1353 3552 aaa
1366 3522 1416 3552 vas

109 3617 205 3677 nque
229 3596 270 3658 ob
297 3595 431 3658 eundem
461 3595 623 3677 timorem,
656 3617 719 3678 quo
751 3575 919 3658 damnatus
948 3597 1016 3656 erat
1039 3593 1210 3676 Miltiades,
1286 3575 1364 3622 Μ’

144 3702 334 3765 testularum
364 3701 525 3786 suffragiis
549 3724 565 3764 e
594 3702 722 3765 civitate
753 3701 871 3765 eiectus
894 3700 1000 3785 Argos
1028 3699 1210 3764 habitatum

81 3809 307 3872 lttconeessit.
349 3808 412 3871 Hic
431 3830 511 3871 cum
530 3829 739 3893 magnacum
759 3807 914 3893 dignitate
933 3807 1092 3889 viveret,
1115 3806 1209 3870 Lace-

81 3923 135 3977 473
144 3915 302 3979 daemonii
331 3915 455 4000 legatos
482 3913 627 3978 Athenas
656 3916 823 3997 miserunt,
857 3914 912 3997 qui
942 3935 1015 3976 eum
1045 3914 1209 3977 absentem

144 4027 341 4106 accusarent,
365 4022 452 4106 quod
474 4022 659 4084 societatem
683 4043 755 4084 oum
774 4043 848 4105 rege
866 4019 1036 4083 Persarum
1056 4020 1096 4083 ad
1116 4018 1209 4084 Grae-

107 4152 133 4192 ss
143 4130 224 4192 ciam
244 4129 484 4213 opprimendam
499 4129 634 4192 fecisset.
671 4127 742 4191 Hoc
761 4128 893 4191 crimine
912 4127 1025 4190 absens
1042 4127 1210 4191 damnatus
