2940 4710
188 367 191 372 ·
269 355 313 418 40
662 346 938 402 arnuruonnns.

269 513 352 575 ferre
376 512 572 597 suffragium.
620 510 673 574 Sic
701 534 719 573 a
743 511 859 573 iudicio
888 510 1002 592 capitis
1026 509 1167 572 maxima
1190 510 1336 574 discessit

270 619 381 703 gloria.

93 751 118 790 n,
133 751 213 790 inser
359 723 391 790 9.
420 724 575 788 Extremo
603 729 747 807 tempore
776 723 950 806 imperator
978 723 1076 804 apud
1099 722 1335 786 Mantineam
1344 733 1400 789 362

74 812 236 915 sfflffiess'ffl
271 853 342 895 cum
358 832 424 894 acie
440 833 596 896 instructa
611 832 761 894 audacius
775 831 910 893 instaret
919 829 1076 911 hostibus,
1091 830 1240 913 cognitus
1254 834 1336 894 esta

269 937 538 1021 Lacedaemoniis,
557 939 622 1022 qui,
641 943 726 1020 quod
741 939 773 1000 in
789 937 902 1000 unius
916 937 1087 1020 pernicie
1103 936 1171 998 eius
1184 937 1335 1018 patriae
1358 963 1372 1002 s

269 1045 364 1108 sitam
397 1046 556 1127 putabant
589 1045 764 1126 salutem,
801 1043 941 1107 universi
978 1043 1012 1106 in
1044 1065 1144 1105 unum
1177 1043 1335 1125 impetum

269 1153 413 1215 fecerunt
437 1174 539 1235 neque
567 1151 677 1233 prius
701 1152 934 1232 abscesserunt,
963 1173 1072 1232 quarn
1101 1171 1218 1234 magna
1241 1150 1335 1213 caede

268 1258 354 1321 facta
384 1258 558 1342 multisque
589 1258 702 1322 occisis
734 1257 908 1320 fortissime
941 1259 1046 1340 ipsum
1077 1255 1335 1338 Epaminondam

268 1369 481 1449 pugnantem,
500 1388 594 1448 sparo
609 1370 733 1428 eminus
748 1385 947 1446 percussum,
967 1364 1131 1426 concidere
1147 1363 1334 1427 viderunt.

269 1471 349 1534 Eius
369 1493 443 1534 casu
462 1473 664 1555 aliquantum
682 1471 836 1534 retardati
855 1475 930 1533 sunt
948 1470 1077 1552 Boeoti,
1101 1492 1203 1552 neque
1226 1473 1372 1534 tamenn

269 1578 378 1660 prius
392 1590 501 1662 pugna
516 1582 727 1660 excesserunt,
742 1600 835 1660 quam
849 1581 1063 1662 repugnantes
1073 1576 1335 1661 profligaverunt.

95 1710 120 1749 n.
135 1711 209 1750 asin.
358 1683 403 1746 At
421 1683 449 1746 E
455 1684 718 1768 paminondas,
746 1706 817 1747 curn
842 1678 1114 1747 animadverteret
1132 1683 1335 1746 mortiterum

269 1813 302 1853 se
322 1790 437 1853 vulnus
456 1792 613 1874 accepisse
632 1791 805 1874 simulque,
824 1791 851 1852 si
873 1791 1008 1873 ferrum,
1027 1790 1113 1872 quod
1132 1812 1171 1852 ex
1189 1789 1283 1854 hasta
1301 1791 1335 1854 in

269 1919 401 1980 corpore
415 1902 622 1980 remanserat,
642 1898 844 1979 extraxisset,
864 1897 1004 1960 animam
1023 1919 1056 1959 se
1075 1898 1185 1960 statim
1205 1898 1335 1961 emissu-

269 2027 353 2085 rum,
378 2026 499 2086 usque
522 2026 562 2067 eo
587 2005 764 2087 retinuit,
788 2004 894 2088 quoad
917 2004 1135 2067 renuntiatum
1155 2008 1203 2067 cst
1222 2005 1336 2068 vicisse
1346 2027 1372 2068 15

269 2110 416 2174 Boeotos.
449 2109 488 2173 Id
505 2115 676 2195 postquam
696 2112 832 2194 audivit,
849 2105 947 2176 ‘sotis'
968 2111 1075 2194 inquit
1090 2109 1180 2195 ‘vich
1204 2112 1336 2177 invictus

268 2220 352 2282 enim
365 2213 502 2283 morior'.
522 2217 605 2281 Tum
620 2219 704 2281 ferro
720 2222 863 2282 extracto
879 2217 1048 2281 confestim
1063 2217 1264 2282 exanimatus
1278 2222 1335 2282 est.

62 2349 85 2388 n
99 2360 148 2389 war
161 2362 243 2390 unver-
358 2319 414 2389 10.
438 2322 678 2406 Epaminondas
706 2348 839 2389 uxorem
863 2347 1038 2407 numquam
1063 2325 1162 2387 duxit.
1208 2323 1335 2409 inquo

116 2413 195 2451 'm'
269 2451 342 2493 cum
370 2431 655 2513 reprehenderetur
683 2455 701 2494 a
725 2432 892 2515 Pelopida,
921 2432 976 2514 qui
999 2431 1102 2493 filium
1126 2431 1266 2495 habebat
1289 2433 1335 2495 in·

269 2538 400 2618 famem,
428 2538 518 2620 isque
543 2538 625 2601 male
649 2561 721 2601 eum
745 2539 784 2600 in
807 2560 848 2601 eo
872 2539 995 2620 patriae
1019 2539 1183 2602 consulere
1207 2540 1336 2623 diceret,
1344 2561 1371 2601 so

269 2643 369 2726 quod
391 2643 510 2706 liberos
529 2666 594 2707 non
617 2645 824 2728 relinqueret,
843 2641 932 2710 ‘cide'
960 2646 1102 2729 inquit,
1120 2642 1172 2710 ‘ne
1194 2653 1228 2711 tu
1244 2649 1336 2730 peius

268 2751 422 2836 consutas,
445 2752 500 2833 qui
522 2753 614 2816 talem
637 2775 670 2817 ee
694 2759 721 2817 te
742 2757 852 2818 1111111111
874 2754 1041 2818 relicturus
1063 2755 1115 2818 sis.
1143 2753 1249 2836 Neque
1266 2775 1336 2819 vero

268 2859 362 2940 stirps
377 2863 478 2942 potest
495 2857 574 2923 mibi
592 2860 701 2945 deesse,
724 2881 856 2943 nomque
879 2881 920 2925 ex
941 2881 994 2925 me
1015 2866 1142 2925 notam
1164 2861 1335 2944 relinquo

260 2985 430 3071 paporum
448 2965 692 3051 Leuctricam,
717 2989 795 3048 quae
816 2988 880 3032 non
901 2968 991 3032 modo
1014 2967 1092 3031 1111711·
1105 2973 1266 3052 superstes,
1284 2971 1338 3034 sed

269 3072 361 3135 etiem
384 3073 571 3136 immortalis
593 3068 665 3138 erit?
1344 3093 1372 3134 26

62 3201 102 3242 aa
132 3203 258 3242 verunas
358 3177 428 3253 Quo
452 3182 595 3260 tempore
624 3179 702 3242 duce
725 3178 879 3262 Pelopida
906 3181 1031 3243 exsules
1054 3179 1180 3244 Thebas
1203 3193 1400 3264 occupa-379

62 3263 250 3376 fflsshffffl
269 3288 384 3347 verunt
400 3289 432 3348 et
445 3285 638 3368 praesidium
655 3285 981 3350 Lacedaemoniorum
995 3310 1034 3350 ex
1049 3310 1120 3351 arce
1135 3289 1335 3372 expulerunt,

269 3390 521 3474 Epaminondas,
552 3392 705 3475 quamdiu
734 3393 819 3456 facta
850 3398 898 3457 est
926 3395 1036 3458 caedes
1060 3396 1217 3478 civium,
1248 3395 1335 3458 domi

228 3474 249 3503 ⁴
269 3518 302 3559 se
334 3498 451 3580 tenuit,
485 3499 572 3582 quod
600 3521 703 3582 neque
736 3500 903 3563 defendere
936 3501 1038 3564 malos
1071 3501 1200 3566 volebat
1232 3524 1334 3586 neque
1365 3524 1366 3527 ’

269 3626 382 3667 manus
424 3626 553 3667 suorum
591 3607 746 3691 sanguine
783 3611 957 3670 cruentare.
1017 3607 1166 3692 Namque
1207 3630 1334 3672 omnem
1344 3635 1371 3675 1ο

270 3709 421 3773 civilem
450 3711 618 3775 victoriam
648 3713 808 3776 funestam
838 3714 982 3796 putabat.
1034 3712 1138 3798 Idem,
1163 3719 1334 3799 postquam

270 3816 355 3898 apud
378 3815 549 3881 Cadmeam
578 3840 661 3882 cum
685 3819 997 3885 Lacedaemoniis
1025 3823 1161 3906 pugnari
1186 3826 1334 3904 coeptum

270 3927 330 4005 est,
354 3924 387 3986 in
410 3924 524 4007 primis
547 3926 645 3990 stetit.

62 4053 99 4094 oa
113 4054 251 4103 Bodautung
360 4029 458 4093 Cuius
482 4031 519 4094 de
539 4032 714 4096 virtutibus
733 4034 863 4116 vitaque
886 4035 965 4096 satis
988 4034 1050 4096 erit
1070 4034 1203 4120 dictum,
1227 4037 1254 4099 si
1273 4037 1335 4100 hoc

112 4117 152 4156 ‘¹⁰⁸
167 4117 192 4155 Ε
270 4159 369 4199 unum
389 4138 577 4221 adiunxem,
601 4140 687 4222 quod
705 4162 798 4203 nemo
818 4140 1024 4223 infitiabitur,
1048 4141 1174 4206 Thebas
1196 4148 1228 4207 et
1247 4149 1371 4208 antece
