2940 4710
267 381 309 443 80
513 352 516 357 ’
699 373 897 428 nanninus.

266 538 393 603 futuros
416 537 648 620 existimarent,
679 537 830 622 legatos
857 535 890 599 in
913 535 1102 619 Bithyniam
1130 537 1335 620 miserunt,

266 643 300 707 in
336 644 382 708 eis
414 644 645 728 Flamininum,
682 643 737 726 qui
774 644 813 706 ab
846 665 920 728 rege
957 647 1116 727 peterent,
1153 666 1192 707 ne
1229 643 1334 706 inimi-

267 750 430 814 cissimum
462 773 555 814 suuni
588 773 695 814 secum
724 750 858 814 haberet
890 749 1015 832 sibique
1047 750 1184 815 dederet.
1218 787 1259 796 —
1292 749 1336 813 Id

60 885 257 936 1111111111
267 856 396 921 Prusias
419 880 535 943 negare
563 880 628 922 nou
656 879 752 921 ausus
779 861 840 941 est,
870 856 969 919 illud
997 855 1169 940 recusavit,
1198 878 1237 921 uc
1258 858 1293 922 id
1314 880 1336 922 o

115 948 182 996 Μ’·
265 984 301 1029 se
309 964 512 1050 postularent,
530 967 612 1048 qiua
624 970 731 1032 contro
744 966 795 1029 r‘us
807 963 932 1048 hospitii
945 969 1034 1041 essen
1053 965 1141 1048 ipsi,
1160 965 1189 1028 sa'
1201 970 1358 1048 possenna

265 1092 335 1136 eam
353 1072 647 1154 comprehenderes&
672 1073 782 1155 locum,
801 1071 854 1135 1111
871 1075 957 1153 esset,
975 1090 1024 1135 cos
1039 1069 1133 1150 focile
1150 1071 1334 1135 inventuros

266 1176 430 1241 Hannibal
453 1176 537 1241 enim
561 1198 624 1241 uno
648 1178 719 1241 loco
744 1200 776 1241 se
800 1178 943 1260 tenebat,
970 1176 1003 1240 in
1027 1175 1172 1260 castello,
1196 1178 1282 1260 quod
1305 1177 1335 1240 ei

266 1306 285 1346 a
307 1306 381 1368 rege
405 1285 529 1348 muneri
554 1285 664 1348 datum
688 1289 769 1367 erat,
792 1285 888 1367 idque
912 1284 957 1346 sic
981 1282 1217 1366 aedificaverat,
1240 1288 1277 1346 ut
1300 1283 1335 1346 in

267 1391 415 1455 omnibus
438 1392 585 1474 partibus
608 1390 744 1455 aedificii
768 1391 872 1479 exitus
895 1391 1040 1473 haberet,
1064 1388 1186 1453 scillcet
1205 1389 1335 1473 veritus,

266 1520 306 1561 ne
329 1498 483 1581 eveniret,
508 1499 594 1581 quod
617 1502 687 1561 tum
711 1497 834 1560 accidit.
1345 1521 1373 1560 ro

69 1632 99 1692 11.
114 1632 235 1671 1111111111-
357 1604 519 1681 Quocum
537 1603 636 1689 legati
654 1603 874 1667 Romanorum
893 1602 1054 1666 venissent
1073 1625 1109 1666 ac
1126 1602 1335 1667 multitudine

60 1694 398 1806 ¹³33,‘0,¹¹¹,¹{¹„J⁰¹'domum
427 1711 495 1775 eius
524 1711 818 1793 circumdedissent,
847 1732 927 1793 puer
954 1711 994 1773 ab
1018 1709 1114 1773 ianua
1136 1709 1336 1793 prospiciens

266 1817 441 1881 Hannibali
474 1817 556 1881 dixit
595 1818 703 1902 plures
739 1821 866 1901 praeter
898 1816 1160 1880 consuetudinem
1193 1822 1334 1881 armatos

239 1936 427 2011 apparere.
474 1923 533 1989 Oui
565 1924 620 1988 ille
652 1924 836 2008 imperavit,
868 1928 905 2006 ut
938 1945 1048 1987 omnes
1079 1925 1165 1987 fores
1197 1923 1333 1987 aedificii

266 2031 447 2102 circumiret
478 2055 514 2096 ac
541 2055 676 2116 propere
704 2032 766 2096 sibi
794 2030 970 2113 nuntiaret,
1000 2053 1078 2094 num
1102 2031 1214 2094 eodem
1236 2031 1334 2094 modo
1347 2055 1376 2093 rs

265 2139 432 2222 undique
456 2139 664 2203 obsideretur.
687 2163 689 2169 ’
712 2137 793 2201 Cum
816 2159 896 2220 puer
915 2137 1072 2220 celeriter,
1096 2136 1174 2220 quid
1192 2137 1333 2221 vidisset,
1411 2193 1413 2196 .

265 2246 512 2327 renuntiavisset
557 2267 729 2329 omnesque
773 2244 877 2307 exitus
921 2248 1090 2326 occupatos
1134 2243 1334 2328 ostendisset,

266 2351 461 2416 Hannibal
493 2352 614 2416 sensit
647 2353 680 2415 id
712 2373 776 2414 non
804 2351 939 2414 fortuito
968 2350 1090 2413 factum
1114 2373 1196 2434 esse,
1220 2351 1276 2415 sed
1300 2373 1333 2415 se

265 2458 332 2541 peti
353 2481 455 2541 neque
479 2458 541 2522 sibi
566 2458 686 2522 diutius
709 2459 810 2522 vitam
833 2480 901 2521 esse
924 2457 1132 2521 retinendam.
1171 2456 1274 2533 Quam
1292 2481 1333 2520 ne

266 2564 392 2629 alieno
416 2565 549 2628 arbitrio
574 2564 762 2647 dimitteret,
793 2585 916 2627 memor
942 2563 1151 2646 pristinarum
1175 2564 1333 2628 virtutum
1344 2588 1375 2626 ro

265 2694 438 2754 venenum,
462 2673 548 2755 quod
570 2693 678 2736 secum
701 2671 819 2734 habere
842 2675 1022 2754 consuerat,
1047 2671 1191 2754 sumpsit.

69 2806 111 2846 ns
124 2807 256 2856 roaesjanr.
355 2775 411 2845 13.
437 2778 490 2844 Sic
503 2779 562 2842 vir
576 2778 784 2862 fortissimus,
803 2777 914 2842 multis
928 2777 1088 2861 variisque
1106 2778 1333 2860 perfunctus

265 2885 443 2970 laboribus,
476 2909 559 2950 anno
592 2885 706 2950 aetatis
737 2884 934 2970 sexagesimo
965 2884 1074 2968 tertio,
1105 2885 1132 2947 si
1161 2882 1272 2956 Attico
1300 2889 1333 2948 11

264 2993 401 3076 Polybio
429 2993 526 3057 fidem
554 2994 723 3075 habemuS,
755 2991 798 3056 M.
823 2990 956 3055 Claudio
986 2991 1139 3055 Marcello
1171 2989 1407 3066 arabione

265 3098 413 3163 Labeone
428 3100 613 3163 consulibus
633 3103 805 3163 mortuus
824 3103 888 3161 est.
926 3097 1048 3161 Eodem
1068 3120 1151 3162 anno
1166 3097 1200 3162 P.
1216 3095 1332 3161 (lorne-
1343 3120 1369 3161 11
1455 3099 1458 3108 “

264 3205 327 3269 lius
352 3205 472 3288 ScipiO,
497 3227 601 3288 aquo
625 3205 840 3269 Hannibalem
864 3205 904 3268 ad
926 3204 1057 3268 Zamam
1081 3205 1242 3268 devictum
1265 3226 1333 3268 esse

266 3302 362 3397 supra
385 3313 718 3402 commemoravimus,
741 3317 773 3376 et
797 3313 864 3396 ipse
889 3313 972 3376 diem
996 3311 1077 3376 obiit
1101 3334 1294 3395 supremum.
