<?xml version="1.0" encoding="UTF-8"?>
<!DOCTYPE html PUBLIC "-//W3C//DTD XHTML 1.0 Transitional//EN"
    "http://www.w3.org/TR/xhtml1/DTD/xhtml1-transitional.dtd">
<html xmlns="http://www.w3.org/1999/xhtml" xml:lang="en" lang="en">
 <head>
  <title>
</title>
<meta http-equiv="Content-Type" content="text/html;charset=utf-8" />
  <meta name='ocr-system' content='tesseract 3.04.00' />
  <meta name='ocr-capabilities' content='ocr_page ocr_carea ocr_par ocr_line ocrx_word'/>
</head>
<body>
  <div class='ocr_page' id='page_1' title='image "./descorneliusnep00fggoog_0085.png"; bbox 0 0 3198 4864; ppageno 0'>
   <div class='ocr_carea' id='block_1_1' title="bbox 295 439 927 508">
    <p class='ocr_par' dir='ltr' id='par_1_1' title="bbox 295 439 927 508">
     <span class='ocr_line' id='line_1_1' title="bbox 295 439 927 508; baseline 0.008 -18"><span class='ocrx_word' id='word_1_1' title='bbox 295 446 338 508; x_wconf 69' lang='lat'>78</span> <span class='ocrx_word' id='word_1_2' title='bbox 730 439 927 496; x_wconf 80' lang='lat' dir='ltr'><strong>HANNIBAL.</strong></span> 
     </span>
    </p>
   </div>
   <div class='ocr_carea' id='block_1_2' title="bbox 294 600 1363 900">
    <p class='ocr_par' dir='ltr' id='par_1_2' title="bbox 294 600 1363 900">
     <span class='ocr_line' id='line_1_2' title="bbox 294 600 1362 688; baseline 0.002 -22"><span class='ocrx_word' id='word_1_3' title='bbox 294 608 428 686; x_wconf 92' lang='lat' dir='ltr'>propter</span> <span class='ocrx_word' id='word_1_4' title='bbox 446 602 613 666; x_wconf 85' lang='lat' dir='ltr'>avaritiam</span> <span class='ocrx_word' id='word_1_5' title='bbox 633 600 834 666; x_wconf 77' lang='lat' dir='ltr'><strong>Cretensium</strong></span> <span class='ocrx_word' id='word_1_6' title='bbox 852 605 886 667; x_wconf 91' lang='lat' dir='ltr'>in</span> <span class='ocrx_word' id='word_1_7' title='bbox 904 625 1022 688; x_wconf 90' lang='lat' dir='ltr'>magno</span> <span class='ocrx_word' id='word_1_8' title='bbox 1045 626 1083 666; x_wconf 91' lang='lat' dir='ltr'>se</span> <span class='ocrx_word' id='word_1_9' title='bbox 1106 604 1187 667; x_wconf 83' lang='lat' dir='ltr'>fore</span> <span class='ocrx_word' id='word_1_10' title='bbox 1210 603 1362 687; x_wconf 88' lang='lat' dir='ltr'>periculo.</span> 
     </span>
     <span class='ocr_line' id='line_1_3' title="bbox 295 709 1363 794; baseline 0.002 -22"><span class='ocrx_word' id='word_1_11' title='bbox 295 709 447 794; x_wconf 83' lang='lat' dir='ltr'>Magnam</span> <span class='ocrx_word' id='word_1_12' title='bbox 470 709 556 772; x_wconf 91' lang='lat' dir='ltr'>enim</span> <span class='ocrx_word' id='word_1_13' title='bbox 584 729 691 772; x_wconf 89' lang='lat' dir='ltr'>seeum</span> <span class='ocrx_word' id='word_1_14' title='bbox 713 710 881 792; x_wconf 88' lang='lat' dir='ltr'>pecuniam</span> <span class='ocrx_word' id='word_1_15' title='bbox 904 710 1067 793; x_wconf 78' lang='lat' dir='ltr'>portabat,</span> <span class='ocrx_word' id='word_1_16' title='bbox 1096 711 1133 772; x_wconf 89' lang='lat' dir='ltr'>de</span> <span class='ocrx_word' id='word_1_17' title='bbox 1157 732 1220 794; x_wconf 92' lang='lat' dir='ltr'>qua</span> <span class='ocrx_word' id='word_1_18' title='bbox 1242 711 1363 774; x_wconf 86' lang='lat' dir='ltr'>famam</span> 
     </span>
     <span class='ocr_line' id='line_1_4' title="bbox 295 813 1363 900; baseline 0.001 -21"><span class='ocrx_word' id='word_1_19' title='bbox 295 828 397 879; x_wconf 80' lang='lat' dir='ltr'>exisse</span> <span class='ocrx_word' id='word_1_20' title='bbox 427 815 555 880; x_wconf 77' lang='lat' dir='ltr'>sciebat.</span> <span class='ocrx_word' id='word_1_21' title='bbox 608 813 721 900; x_wconf 91' lang='lat' dir='ltr'>Itaque</span> <span class='ocrx_word' id='word_1_22' title='bbox 749 817 834 899; x_wconf 81' lang='lat' dir='ltr'>capit</span> <span class='ocrx_word' id='word_1_23' title='bbox 864 816 928 880; x_wconf 91' lang='lat' dir='ltr'>tale</span> <span class='ocrx_word' id='word_1_24' title='bbox 956 815 1134 880; x_wconf 89' lang='lat' dir='ltr'>consilium.</span> <span class='ocrx_word' id='word_1_25' title='bbox 1179 815 1363 900; x_wconf 74' lang='lat' dir='ltr'>Amphoras</span> 
     </span>
    </p>
   </div>
   <div class='ocr_carea' id='block_1_3' title="bbox 256 921 1361 1009">
    <p class='ocr_par' dir='ltr' id='par_1_3' title="bbox 256 921 1361 1009">
     <span class='ocr_line' id='line_1_5' title="bbox 256 921 1361 1009; baseline 0.002 -24"><span class='ocrx_word' id='word_1_26' title='bbox 256 954 259 962; x_wconf 95' lang='lat'><em>·</em></span> <span class='ocrx_word' id='word_1_27' title='bbox 296 923 476 1006; x_wconf 78' lang='lat' dir='ltr'>complures</span> <span class='ocrx_word' id='word_1_28' title='bbox 490 921 630 1005; x_wconf 90' lang='lat' dir='ltr'>complet</span> <span class='ocrx_word' id='word_1_29' title='bbox 644 922 791 1006; x_wconf 82' lang='lat' dir='ltr'>plumbo,</span> <span class='ocrx_word' id='word_1_30' title='bbox 805 945 947 986; x_wconf 89' lang='lat' dir='ltr'>summas</span> <span class='ocrx_word' id='word_1_31' title='bbox 961 923 1065 1006; x_wconf 72' lang='lat' dir='ltr'>operit</span> <span class='ocrx_word' id='word_1_32' title='bbox 1080 944 1157 986; x_wconf 91' lang='lat' dir='ltr'>auro</span> <span class='ocrx_word' id='word_1_33' title='bbox 1172 927 1204 986; x_wconf 87' lang='lat' dir='ltr'>et</span> <span class='ocrx_word' id='word_1_34' title='bbox 1219 928 1361 1009; x_wconf 86' lang='lat' dir='ltr'>argento.</span> 
     </span>
    </p>
   </div>
   <div class='ocr_carea' id='block_1_4' title="bbox 295 1029 1400 1435">
    <p class='ocr_par' dir='ltr' id='par_1_4' title="bbox 295 1029 1400 1435">
     <span class='ocr_line' id='line_1_6' title="bbox 295 1029 1400 1114; baseline 0.003 -23"><span class='ocrx_word' id='word_1_35' title='bbox 295 1029 363 1092; x_wconf 91' lang='lat' dir='ltr'>Has</span> <span class='ocrx_word' id='word_1_36' title='bbox 390 1029 611 1112; x_wconf 90' lang='lat' dir='ltr'>praesentibus</span> <span class='ocrx_word' id='word_1_37' title='bbox 639 1029 838 1112; x_wconf 90' lang='lat' dir='ltr'>principibus</span> <span class='ocrx_word' id='word_1_38' title='bbox 869 1030 902 1092; x_wconf 92' lang='lat' dir='ltr'>in</span> <span class='ocrx_word' id='word_1_39' title='bbox 930 1030 1052 1113; x_wconf 87' lang='lat' dir='ltr'>templo</span> <span class='ocrx_word' id='word_1_40' title='bbox 1076 1029 1198 1093; x_wconf 72' lang='lat' dir='ltr'>Dianae</span> <span class='ocrx_word' id='word_1_41' title='bbox 1222 1030 1362 1114; x_wconf 84' lang='lat' dir='ltr'>deponit,</span> <span class='ocrx_word' id='word_1_42' title='bbox 1385 1053 1400 1093; x_wconf 78' lang='lat' dir='ltr'>a</span> 
     </span>
     <span class='ocr_line' id='line_1_7' title="bbox 295 1136 1397 1226; baseline 0.002 -28"><span class='ocrx_word' id='word_1_43' title='bbox 295 1136 449 1199; x_wconf 83' lang='lat' dir='ltr'>simulans</span> <span class='ocrx_word' id='word_1_44' title='bbox 477 1158 510 1198; x_wconf 91' lang='lat' dir='ltr'>se</span> <span class='ocrx_word' id='word_1_45' title='bbox 538 1157 611 1198; x_wconf 90' lang='lat' dir='ltr'>suas</span> <span class='ocrx_word' id='word_1_46' title='bbox 638 1136 784 1200; x_wconf 76' lang='lat' dir='ltr'>fortunas</span> <span class='ocrx_word' id='word_1_47' title='bbox 807 1136 938 1201; x_wconf 89' lang='lat' dir='ltr'>illorum</span> <span class='ocrx_word' id='word_1_48' title='bbox 965 1137 1040 1200; x_wconf 91' lang='lat' dir='ltr'>fidei</span> <span class='ocrx_word' id='word_1_49' title='bbox 1063 1137 1198 1200; x_wconf 90' lang='lat' dir='ltr'>credere.</span> <span class='ocrx_word' id='word_1_50' title='bbox 1244 1137 1305 1200; x_wconf 91' lang='lat' dir='ltr'>His</span> <span class='ocrx_word' id='word_1_51' title='bbox 1328 1138 1363 1200; x_wconf 91' lang='lat' dir='ltr'>in</span> <span class='ocrx_word' id='word_1_52' title='bbox 1393 1219 1397 1226; x_wconf 29' lang='lat'>¹</span> 
     </span>
     <span class='ocr_line' id='line_1_8' title="bbox 295 1242 1363 1328; baseline 0.002 -22"><span class='ocrx_word' id='word_1_53' title='bbox 295 1265 435 1306; x_wconf 87' lang='lat' dir='ltr'>errorem</span> <span class='ocrx_word' id='word_1_54' title='bbox 467 1242 606 1306; x_wconf 89' lang='lat' dir='ltr'>inductis</span> <span class='ocrx_word' id='word_1_55' title='bbox 639 1247 761 1306; x_wconf 87' lang='lat' dir='ltr'>statuas</span> <span class='ocrx_word' id='word_1_56' title='bbox 793 1247 919 1326; x_wconf 71' lang='lat' dir='ltr'>aeneas,</span> <span class='ocrx_word' id='word_1_57' title='bbox 952 1266 1030 1328; x_wconf 89' lang='lat' dir='ltr'>quas</span> <span class='ocrx_word' id='word_1_58' title='bbox 1063 1265 1170 1307; x_wconf 90' lang='lat' dir='ltr'>secum</span> <span class='ocrx_word' id='word_1_59' title='bbox 1202 1245 1363 1327; x_wconf 88' lang='lat' dir='ltr'>portabat,</span> 
     </span>
     <span class='ocr_line' id='line_1_9' title="bbox 296 1349 1361 1435; baseline 0.002 -23"><span class='ocrx_word' id='word_1_60' title='bbox 296 1351 383 1413; x_wconf 90' lang='lat' dir='ltr'>omni</span> <span class='ocrx_word' id='word_1_61' title='bbox 416 1372 473 1412; x_wconf 89' lang='lat' dir='ltr'>sua</span> <span class='ocrx_word' id='word_1_62' title='bbox 504 1351 639 1433; x_wconf 90' lang='lat' dir='ltr'>pecunia</span> <span class='ocrx_word' id='word_1_63' title='bbox 676 1349 815 1434; x_wconf 83' lang='lat' dir='ltr'>complet</span> <span class='ocrx_word' id='word_1_64' title='bbox 852 1373 968 1435; x_wconf 87' lang='lat' dir='ltr'>easque</span> <span class='ocrx_word' id='word_1_65' title='bbox 1005 1351 1038 1413; x_wconf 95' lang='lat' dir='ltr'>in</span> <span class='ocrx_word' id='word_1_66' title='bbox 1069 1351 1241 1434; x_wconf 70' lang='lat' dir='ltr'>propatulo</span> <span class='ocrx_word' id='word_1_67' title='bbox 1275 1351 1361 1414; x_wconf 92' lang='lat' dir='ltr'>domi</span> 
     </span>
    </p>
   </div>
   <div class='ocr_carea' id='block_1_5' title="bbox 223 1455 1362 1542">
    <p class='ocr_par' dir='ltr' id='par_1_5' title="bbox 223 1455 1362 1542">
     <span class='ocr_line' id='line_1_10' title="bbox 223 1455 1362 1542; baseline 0.004 -24"><span class='ocrx_word' id='word_1_68' title='bbox 223 1491 226 1496; x_wconf 68' lang='lat'><em>,</em></span> <span class='ocrx_word' id='word_1_69' title='bbox 295 1457 401 1520; x_wconf 78' lang='lat' dir='ltr'>abicit.</span> <span class='ocrx_word' id='word_1_70' title='bbox 455 1455 605 1540; x_wconf 82' lang='lat' dir='ltr'>Gortynii</span> <span class='ocrx_word' id='word_1_71' title='bbox 634 1457 791 1540; x_wconf 90' lang='lat' dir='ltr'>templum</span> <span class='ocrx_word' id='word_1_72' title='bbox 821 1479 938 1542; x_wconf 90' lang='lat' dir='ltr'>magna</span> <span class='ocrx_word' id='word_1_73' title='bbox 972 1479 1048 1520; x_wconf 90' lang='lat' dir='ltr'>cura</span> <span class='ocrx_word' id='word_1_74' title='bbox 1077 1458 1262 1521; x_wconf 87' lang='lat' dir='ltr'>custodiunt</span> <span class='ocrx_word' id='word_1_75' title='bbox 1296 1480 1362 1522; x_wconf 94' lang='lat' dir='ltr'>non</span> 
     </span>
    </p>
   </div>
   <div class='ocr_carea' id='block_1_6' title="bbox 108 1799 249 1900">
    <p class='ocr_par' dir='ltr' id='par_1_6' title="bbox 108 1799 249 1900">
     <span class='ocr_line' id='line_1_11' title="bbox 108 1799 249 1838; baseline -0.007 0"><span class='ocrx_word' id='word_1_76' title='bbox 108 1799 137 1838; x_wconf 87' lang='lat' dir='ltr'>H.</span> <span class='ocrx_word' id='word_1_77' title='bbox 152 1799 200 1837; x_wconf 85' lang='lat' dir='ltr'>lebt</span> <span class='ocrx_word' id='word_1_78' title='bbox 214 1800 249 1837; x_wconf 86' lang='lat' dir='ltr'>bel</span> 
     </span>
     <span class='ocr_line' id='line_1_12' title="bbox 131 1862 228 1900; baseline 0.01 -1"><span class='ocrx_word' id='word_1_79' title='bbox 131 1862 228 1900; x_wconf 83' lang='lat' dir='ltr'>Prusias.</span> 
     </span>
    </p>
   </div>
   <div class='ocr_carea' id='block_1_7' title="bbox 73 2441 286 2615">
    <p class='ocr_par' dir='ltr' id='par_1_7' title="bbox 73 2441 286 2615">
     <span class='ocr_line' id='line_1_13' title="bbox 73 2441 286 2490; baseline -0.005 -11"><span class='ocrx_word' id='word_1_80' title='bbox 73 2441 145 2490; x_wconf 78' lang='lat' dir='ltr'>Kricg</span> <span class='ocrx_word' id='word_1_81' title='bbox 158 2451 231 2490; x_wconf 76' lang='lat' dir='ltr'>gagen</span> <span class='ocrx_word' id='word_1_82' title='bbox 240 2441 286 2479; x_wconf 86' lang='lat' dir='ltr'>En-</span> 
     </span>
     <span class='ocr_line' id='line_1_14' title="bbox 73 2504 286 2543; baseline 0.009 -3"><span class='ocrx_word' id='word_1_83' title='bbox 73 2513 149 2543; x_wconf 87' lang='lat' dir='ltr'>mencs</span> <span class='ocrx_word' id='word_1_84' title='bbox 171 2515 217 2543; x_wconf 84' lang='lat' dir='ltr'>von</span> <span class='ocrx_word' id='word_1_85' title='bbox 234 2504 286 2543; x_wconf 87' lang='lat' dir='ltr'>Per-</span> 
     </span>
     <span class='ocr_line' id='line_1_15' title="bbox 133 2577 231 2615; baseline -0.01 -9"><span class='ocrx_word' id='word_1_86' title='bbox 133 2577 231 2615; x_wconf 77' lang='lat' dir='ltr'>gamnm.</span> 
     </span>
    </p>
   </div>
   <div class='ocr_carea' id='block_1_8' title="bbox 73 3082 285 3320">
    <p class='ocr_par' dir='ltr' id='par_1_8' title="bbox 73 3082 285 3320">
     <span class='ocr_line' id='line_1_16' title="bbox 73 3082 284 3122; baseline 0.005 -2"><span class='ocrx_word' id='word_1_87' title='bbox 73 3083 102 3120; x_wconf 89' lang='lat' dir='ltr'>H.</span> <span class='ocrx_word' id='word_1_88' title='bbox 117 3082 213 3122; x_wconf 83' lang='lat' dir='ltr'>bereitet</span> <span class='ocrx_word' id='word_1_89' title='bbox 233 3082 284 3121; x_wconf 88' lang='lat' dir='ltr'>eina</span> 
     </span>
     <span class='ocr_line' id='line_1_17' title="bbox 92 3145 262 3196; baseline 0.006 -13"><span class='ocrx_word' id='word_1_90' title='bbox 92 3145 144 3184; x_wconf 80' lang='lat' dir='ltr'>Lirt</span> <span class='ocrx_word' id='word_1_91' title='bbox 157 3157 209 3196; x_wconf 84' lang='lat' dir='ltr'>vor,</span> <span class='ocrx_word' id='word_1_92' title='bbox 222 3157 262 3184; x_wconf 91' lang='lat' dir='ltr'>um</span> 
     </span>
     <span class='ocr_line' id='line_1_18' title="bbox 73 3208 285 3248; baseline 0 -2"><span class='ocrx_word' id='word_1_93' title='bbox 73 3208 186 3248; x_wconf 82' lang='lat' dir='ltr'>Eumenes</span> <span class='ocrx_word' id='word_1_94' title='bbox 205 3220 234 3248; x_wconf 84' lang='lat' dir='ltr'>au</span> <span class='ocrx_word' id='word_1_95' title='bbox 247 3209 285 3247; x_wconf 91' lang='lat' dir='ltr'>be-</span> 
     </span>
     <span class='ocr_line' id='line_1_19' title="bbox 127 3271 230 3320; baseline 0 -10"><span class='ocrx_word' id='word_1_96' title='bbox 127 3271 230 3320; x_wconf 77' lang='lat' dir='ltr'>seirigen.</span> 
     </span>
    </p>
   </div>
   <div class='ocr_carea' id='block_1_9' title="bbox 291 1563 1428 4319">
    <p class='ocr_par' dir='ltr' id='par_1_9' title="bbox 295 1563 1399 1754">
     <span class='ocr_line' id='line_1_20' title="bbox 295 1563 1399 1648; baseline -0.002 -22"><span class='ocrx_word' id='word_1_97' title='bbox 295 1567 361 1626; x_wconf 87' lang='lat' dir='ltr'>tam</span> <span class='ocrx_word' id='word_1_98' title='bbox 385 1587 403 1627; x_wconf 94' lang='lat' dir='ltr'>a</span> <span class='ocrx_word' id='word_1_99' title='bbox 427 1564 540 1627; x_wconf 89' lang='lat' dir='ltr'>ceteris</span> <span class='ocrx_word' id='word_1_100' title='bbox 565 1586 660 1647; x_wconf 91' lang='lat' dir='ltr'>quam</span> <span class='ocrx_word' id='word_1_101' title='bbox 689 1564 729 1627; x_wconf 92' lang='lat' dir='ltr'>ab</span> <span class='ocrx_word' id='word_1_102' title='bbox 753 1563 947 1646; x_wconf 86' lang='lat' dir='ltr'>Hannibale,</span> <span class='ocrx_word' id='word_1_103' title='bbox 978 1587 1018 1628; x_wconf 92' lang='lat' dir='ltr'>ne</span> <span class='ocrx_word' id='word_1_104' title='bbox 1046 1564 1123 1648; x_wconf 93' lang='lat' dir='ltr'>quid</span> <span class='ocrx_word' id='word_1_105' title='bbox 1150 1565 1204 1628; x_wconf 91' lang='lat' dir='ltr'>ille</span> <span class='ocrx_word' id='word_1_106' title='bbox 1228 1565 1399 1629; x_wconf 87' lang='lat' dir='ltr'>inscien-ro</span> 
     </span>
     <span class='ocr_line' id='line_1_21' title="bbox 295 1670 987 1754; baseline 0 -20"><span class='ocrx_word' id='word_1_107' title='bbox 295 1671 382 1734; x_wconf 90' lang='lat' dir='ltr'>tibus</span> <span class='ocrx_word' id='word_1_108' title='bbox 405 1671 483 1754; x_wconf 89' lang='lat' dir='ltr'>ipsis</span> <span class='ocrx_word' id='word_1_109' title='bbox 506 1670 635 1733; x_wconf 89' lang='lat' dir='ltr'>tolleret</span> <span class='ocrx_word' id='word_1_110' title='bbox 658 1691 827 1753; x_wconf 86' lang='lat' dir='ltr'>secumque</span> <span class='ocrx_word' id='word_1_111' title='bbox 851 1671 987 1734; x_wconf 89' lang='lat' dir='ltr'>duceret.</span> 
     </span>
    </p>

    <p class='ocr_par' dir='ltr' id='par_1_10' title="bbox 294 1773 1428 2396">
     <span class='ocr_line' id='line_1_22' title="bbox 386 1773 1361 1844; baseline -0.001 -1"><span class='ocrx_word' id='word_1_112' title='bbox 386 1773 441 1844; x_wconf 86' lang='lat'>10.</span> <span class='ocrx_word' id='word_1_113' title='bbox 476 1775 529 1840; x_wconf 83' lang='lat' dir='ltr'>Sic</span> <span class='ocrx_word' id='word_1_114' title='bbox 560 1777 754 1840; x_wconf 85' lang='lat' dir='ltr'>conservatis</span> <span class='ocrx_word' id='word_1_115' title='bbox 781 1777 847 1840; x_wconf 92' lang='lat' dir='ltr'>suis</span> <span class='ocrx_word' id='word_1_116' title='bbox 875 1778 969 1841; x_wconf 90' lang='lat' dir='ltr'>rebus</span> <span class='ocrx_word' id='word_1_117' title='bbox 997 1779 1148 1842; x_wconf 89' lang='lat' dir='ltr'>omnibus</span> <span class='ocrx_word' id='word_1_118' title='bbox 1170 1777 1297 1842; x_wconf 89' lang='lat' dir='ltr'>Poenus</span> <span class='ocrx_word' id='word_1_119' title='bbox 1321 1779 1361 1842; x_wconf 92' lang='lat' dir='ltr'>ad</span> 
     </span>
     <span class='ocr_line' id='line_1_23' title="bbox 296 1883 1428 1968; baseline 0.003 -22"><span class='ocrx_word' id='word_1_120' title='bbox 296 1883 442 1948; x_wconf 74' lang='lat' dir='ltr'>Prusiam</span> <span class='ocrx_word' id='word_1_121' title='bbox 466 1883 500 1946; x_wconf 92' lang='lat' dir='ltr'>in</span> <span class='ocrx_word' id='word_1_122' title='bbox 522 1883 710 1967; x_wconf 76' lang='lat' dir='ltr'>Bithyniam</span> <span class='ocrx_word' id='word_1_123' title='bbox 733 1885 829 1949; x_wconf 81' lang='lat' dir='ltr'>venit.</span> <span class='ocrx_word' id='word_1_124' title='bbox 875 1883 972 1967; x_wconf 84' lang='lat' dir='ltr'>Apud</span> <span class='ocrx_word' id='word_1_125' title='bbox 1000 1907 1095 1968; x_wconf 88' lang='lat' dir='ltr'>quem</span> <span class='ocrx_word' id='word_1_126' title='bbox 1118 1885 1230 1948; x_wconf 90' lang='lat' dir='ltr'>eodem</span> <span class='ocrx_word' id='word_1_127' title='bbox 1253 1885 1428 1950; x_wconf 81' lang='lat' dir='ltr'>anim0184</span> 
     </span>
     <span class='ocr_line' id='line_1_24' title="bbox 295 1989 1359 2076; baseline 0.002 -22"><span class='ocrx_word' id='word_1_128' title='bbox 295 1991 358 2055; x_wconf 86' lang='lat' dir='ltr'>fuit</span> <span class='ocrx_word' id='word_1_129' title='bbox 388 1991 422 2054; x_wconf 95' lang='lat' dir='ltr'>in</span> <span class='ocrx_word' id='word_1_130' title='bbox 457 1989 620 2054; x_wconf 86' lang='lat' dir='ltr'>Romanos</span> <span class='ocrx_word' id='word_1_131' title='bbox 657 2013 759 2074; x_wconf 93' lang='lat' dir='ltr'>neque</span> <span class='ocrx_word' id='word_1_132' title='bbox 794 1990 898 2054; x_wconf 91' lang='lat' dir='ltr'>aliud</span> <span class='ocrx_word' id='word_1_133' title='bbox 930 1991 1104 2074; x_wconf 89' lang='lat' dir='ltr'>quidquam</span> <span class='ocrx_word' id='word_1_134' title='bbox 1138 1992 1217 2076; x_wconf 87' lang='lat' dir='ltr'>egit,</span> <span class='ocrx_word' id='word_1_135' title='bbox 1251 2015 1359 2076; x_wconf 90' lang='lat' dir='ltr'>quam</span> 
     </span>
     <span class='ocr_line' id='line_1_25' title="bbox 294 2095 1397 2185; baseline -0.005 -22"><span class='ocrx_word' id='word_1_136' title='bbox 294 2122 402 2185; x_wconf 87' lang='lat' dir='ltr'>regem</span> <span class='ocrx_word' id='word_1_137' title='bbox 422 2097 558 2162; x_wconf 85' lang='lat' dir='ltr'>armavit</span> <span class='ocrx_word' id='word_1_138' title='bbox 577 2101 609 2160; x_wconf 93' lang='lat' dir='ltr'>et</span> <span class='ocrx_word' id='word_1_139' title='bbox 628 2098 754 2161; x_wconf 86' lang='lat' dir='ltr'>exacuit</span> <span class='ocrx_word' id='word_1_140' title='bbox 773 2098 806 2161; x_wconf 93' lang='lat' dir='ltr'>in</span> <span class='ocrx_word' id='word_1_141' title='bbox 825 2098 996 2162; x_wconf 82' lang='lat' dir='ltr'>Romanos</span> <span class='ocrx_word' id='word_1_142' title='bbox 1026 2095 1127 2172; x_wconf 82' lang='lat' dir='ltr'>Quem</span> <span class='ocrx_word' id='word_1_143' title='bbox 1147 2119 1219 2161; x_wconf 86' lang='lat' dir='ltr'>eum</span> <span class='ocrx_word' id='word_1_144' title='bbox 1238 2099 1397 2162; x_wconf 77' lang='lat' dir='ltr'>videreta</span> 
     </span>
     <span class='ocr_line' id='line_1_26' title="bbox 296 2204 1360 2289; baseline -0.003 -18"><span class='ocrx_word' id='word_1_145' title='bbox 296 2205 479 2271; x_wconf 88' lang='lat' dir='ltr'>domesticis</span> <span class='ocrx_word' id='word_1_146' title='bbox 504 2205 619 2287; x_wconf 89' lang='lat' dir='ltr'>opibus</span> <span class='ocrx_word' id='word_1_147' title='bbox 638 2204 745 2267; x_wconf 90' lang='lat' dir='ltr'>minus</span> <span class='ocrx_word' id='word_1_148' title='bbox 762 2204 881 2286; x_wconf 80' lang='lat' dir='ltr'>valere,</span> <span class='ocrx_word' id='word_1_149' title='bbox 905 2204 1105 2268; x_wconf 87' lang='lat' dir='ltr'>conciliando</span> <span class='ocrx_word' id='word_1_150' title='bbox 1128 2208 1250 2268; x_wconf 89' lang='lat' dir='ltr'>ceteros</span> <span class='ocrx_word' id='word_1_151' title='bbox 1269 2227 1360 2289; x_wconf 88' lang='lat' dir='ltr'>reges</span> 
     </span>
     <span class='ocr_line' id='line_1_27' title="bbox 294 2311 822 2396; baseline -0.006 -20"><span class='ocrx_word' id='word_1_152' title='bbox 294 2313 462 2376; x_wconf 90' lang='lat' dir='ltr'>bellicosas</span> <span class='ocrx_word' id='word_1_153' title='bbox 486 2315 597 2396; x_wconf 82' lang='lat' dir='ltr'>gentes</span> <span class='ocrx_word' id='word_1_154' title='bbox 620 2311 822 2395; x_wconf 87' lang='lat' dir='ltr'>adiungebat.</span> 
     </span>
    </p>

    <p class='ocr_par' dir='ltr' id='par_1_11' title="bbox 294 2416 1428 3019">
     <span class='ocr_line' id='line_1_28' title="bbox 383 2416 1360 2502; baseline 0.001 -21"><span class='ocrx_word' id='word_1_155' title='bbox 383 2418 568 2482; x_wconf 90' lang='lat' dir='ltr'>Dissidebat</span> <span class='ocrx_word' id='word_1_156' title='bbox 590 2418 630 2480; x_wconf 93' lang='lat' dir='ltr'>ab</span> <span class='ocrx_word' id='word_1_157' title='bbox 654 2439 691 2480; x_wconf 88' lang='lat' dir='ltr'>eo</span> <span class='ocrx_word' id='word_1_158' title='bbox 710 2416 925 2502; x_wconf 75' lang='lat' dir='ltr'>Pergamenus</span> <span class='ocrx_word' id='word_1_159' title='bbox 948 2441 1004 2481; x_wconf 86' lang='lat' dir='ltr'>rex</span> <span class='ocrx_word' id='word_1_160' title='bbox 1027 2417 1187 2482; x_wconf 71' lang='lat' dir='ltr'>Eumenes</span> <span class='ocrx_word' id='word_1_161' title='bbox 1206 2417 1360 2482; x_wconf 85' lang='lat' dir='ltr'>Romanis</span> 
     </span>
     <span class='ocr_line' id='line_1_29' title="bbox 295 2523 1428 2610; baseline -0.003 -21"><span class='ocrx_word' id='word_1_162' title='bbox 295 2525 519 2607; x_wconf 87' lang='lat' dir='ltr'>amicissimus,</span> <span class='ocrx_word' id='word_1_163' title='bbox 538 2523 720 2606; x_wconf 92' lang='lat' dir='ltr'>bellumque</span> <span class='ocrx_word' id='word_1_164' title='bbox 739 2525 823 2587; x_wconf 87' lang='lat' dir='ltr'>inter</span> <span class='ocrx_word' id='word_1_165' title='bbox 841 2547 894 2588; x_wconf 94' lang='lat' dir='ltr'>eos</span> <span class='ocrx_word' id='word_1_166' title='bbox 913 2525 1084 2610; x_wconf 84' lang='lat' dir='ltr'>gerebatur</span> <span class='ocrx_word' id='word_1_167' title='bbox 1102 2528 1188 2588; x_wconf 89' lang='lat' dir='ltr'>terra</span> <span class='ocrx_word' id='word_1_168' title='bbox 1205 2525 1358 2609; x_wconf 77' lang='lat' dir='ltr'>marique,</span> <span class='ocrx_word' id='word_1_169' title='bbox 1370 2529 1428 2586; x_wconf 81' lang='lat'>184</span> 
     </span>
     <span class='ocr_line' id='line_1_30' title="bbox 295 2629 1397 2714; baseline -0.004 -18"><span class='ocrx_word' id='word_1_170' title='bbox 295 2634 350 2696; x_wconf 89' lang='lat' dir='ltr'>sed</span> <span class='ocrx_word' id='word_1_171' title='bbox 363 2636 498 2714; x_wconf 75' lang='lat' dir='ltr'>utraque</span> <span class='ocrx_word' id='word_1_172' title='bbox 512 2633 603 2714; x_wconf 89' lang='lat' dir='ltr'>parte</span> <span class='ocrx_word' id='word_1_173' title='bbox 613 2629 772 2692; x_wconf 80' lang='lat' dir='ltr'>Eumenes</span> <span class='ocrx_word' id='word_1_174' title='bbox 781 2630 854 2712; x_wconf 90' lang='lat' dir='ltr'>plus</span> <span class='ocrx_word' id='word_1_175' title='bbox 863 2630 991 2694; x_wconf 87' lang='lat' dir='ltr'>valebat</span> <span class='ocrx_word' id='word_1_176' title='bbox 999 2635 1131 2714; x_wconf 91' lang='lat' dir='ltr'>propter</span> <span class='ocrx_word' id='word_1_177' title='bbox 1140 2631 1359 2694; x_wconf 84' lang='lat' dir='ltr'>Romanorum</span> <span class='ocrx_word' id='word_1_178' title='bbox 1370 2653 1397 2692; x_wconf 78' lang='lat' dir='ltr'>ao</span> 
     </span>
     <span class='ocr_line' id='line_1_31' title="bbox 294 2735 1359 2822; baseline -0.004 -18"><span class='ocrx_word' id='word_1_179' title='bbox 294 2741 488 2815; x_wconf 88' lang='lat' dir='ltr'>societatem.</span> <span class='ocrx_word' id='word_1_180' title='bbox 536 2737 605 2813; x_wconf 84' lang='lat' dir='ltr'>Quo</span> <span class='ocrx_word' id='word_1_181' title='bbox 629 2737 731 2822; x_wconf 86' lang='lat' dir='ltr'>magis</span> <span class='ocrx_word' id='word_1_182' title='bbox 750 2735 914 2801; x_wconf 89' lang='lat' dir='ltr'>Hannibal</span> <span class='ocrx_word' id='word_1_183' title='bbox 937 2761 1010 2802; x_wconf 86' lang='lat' dir='ltr'>eum</span> <span class='ocrx_word' id='word_1_184' title='bbox 1033 2737 1172 2821; x_wconf 72' lang='lat' dir='ltr'>opprimi</span> <span class='ocrx_word' id='word_1_185' title='bbox 1195 2738 1359 2822; x_wconf 80' lang='lat' dir='ltr'>cupiebat3</span> 
     </span>
     <span class='ocr_line' id='line_1_32' title="bbox 295 2843 1359 2932; baseline -0.005 -20"><span class='ocrx_word' id='word_1_186' title='bbox 295 2871 389 2932; x_wconf 92' lang='lat' dir='ltr'>quem</span> <span class='ocrx_word' id='word_1_187' title='bbox 409 2847 436 2910; x_wconf 93' lang='lat' dir='ltr'>si</span> <span class='ocrx_word' id='word_1_188' title='bbox 455 2843 656 2926; x_wconf 81' lang='lat' dir='ltr'>removisset,</span> <span class='ocrx_word' id='word_1_189' title='bbox 679 2843 824 2907; x_wconf 89' lang='lat' dir='ltr'>faciliora</span> <span class='ocrx_word' id='word_1_190' title='bbox 842 2843 905 2908; x_wconf 92' lang='lat' dir='ltr'>sibi</span> <span class='ocrx_word' id='word_1_191' title='bbox 924 2849 1028 2908; x_wconf 84' lang='lat' dir='ltr'>cetera</span> <span class='ocrx_word' id='word_1_192' title='bbox 1047 2845 1115 2908; x_wconf 89' lang='lat' dir='ltr'>fore</span> <span class='ocrx_word' id='word_1_193' title='bbox 1134 2844 1359 2908; x_wconf 86' lang='lat' dir='ltr'>arbitrabatur.</span> 
     </span>
     <span class='ocr_line' id='line_1_33' title="bbox 294 2950 1127 3019; baseline -0.006 0"><span class='ocrx_word' id='word_1_194' title='bbox 294 2955 345 3018; x_wconf 84' lang='lat' dir='ltr'>Ad</span> <span class='ocrx_word' id='word_1_195' title='bbox 369 2977 441 3019; x_wconf 89' lang='lat' dir='ltr'>eum</span> <span class='ocrx_word' id='word_1_196' title='bbox 465 2950 720 3016; x_wconf 88' lang='lat' dir='ltr'>interficiendum</span> <span class='ocrx_word' id='word_1_197' title='bbox 743 2951 841 3015; x_wconf 89' lang='lat' dir='ltr'>talem</span> <span class='ocrx_word' id='word_1_198' title='bbox 865 2951 938 3014; x_wconf 92' lang='lat' dir='ltr'>iniit</span> <span class='ocrx_word' id='word_1_199' title='bbox 961 2952 1127 3015; x_wconf 88' lang='lat' dir='ltr'>rationem.</span> 
     </span>
    </p>

    <p class='ocr_par' dir='ltr' id='par_1_12' title="bbox 291 3057 1398 4319">
     <span class='ocr_line' id='line_1_34' title="bbox 383 3057 1361 3142; baseline -0.002 -18"><span class='ocrx_word' id='word_1_200' title='bbox 383 3061 492 3124; x_wconf 77' lang='lat' dir='ltr'>Classe</span> <span class='ocrx_word' id='word_1_201' title='bbox 518 3057 629 3142; x_wconf 82' lang='lat' dir='ltr'>paucis</span> <span class='ocrx_word' id='word_1_202' title='bbox 659 3057 770 3120; x_wconf 91' lang='lat' dir='ltr'>diebus</span> <span class='ocrx_word' id='word_1_203' title='bbox 797 3061 888 3120; x_wconf 89' lang='lat' dir='ltr'>erant</span> <span class='ocrx_word' id='word_1_204' title='bbox 916 3058 1120 3142; x_wconf 86' lang='lat' dir='ltr'>decertaturi;</span> <span class='ocrx_word' id='word_1_205' title='bbox 1151 3059 1361 3142; x_wconf 88' lang='lat' dir='ltr'>superabatur</span> 
     </span>
     <span class='ocr_line' id='line_1_35' title="bbox 294 3163 1398 3249; baseline -0.004 -19"><span class='ocrx_word' id='word_1_206' title='bbox 294 3168 424 3230; x_wconf 86' lang='lat' dir='ltr'>navium</span> <span class='ocrx_word' id='word_1_207' title='bbox 442 3164 660 3228; x_wconf 88' lang='lat' dir='ltr'>multitudine.</span> <span class='ocrx_word' id='word_1_208' title='bbox 684 3163 782 3226; x_wconf 92' lang='lat' dir='ltr'>Dolo</span> <span class='ocrx_word' id='word_1_209' title='bbox 801 3168 869 3227; x_wconf 92' lang='lat' dir='ltr'>erat</span> <span class='ocrx_word' id='word_1_210' title='bbox 887 3165 1108 3249; x_wconf 86' lang='lat' dir='ltr'>pugnandum,</span> <span class='ocrx_word' id='word_1_211' title='bbox 1127 3187 1198 3229; x_wconf 89' lang='lat' dir='ltr'>oum</span> <span class='ocrx_word' id='word_1_212' title='bbox 1217 3187 1276 3248; x_wconf 92' lang='lat' dir='ltr'>par</span> <span class='ocrx_word' id='word_1_213' title='bbox 1294 3186 1357 3228; x_wconf 88' lang='lat' dir='ltr'>non</span> <span class='ocrx_word' id='word_1_214' title='bbox 1369 3187 1398 3226; x_wconf 80' lang='lat'>25</span> 
     </span>
     <span class='ocr_line' id='line_1_36' title="bbox 294 3268 1359 3358; baseline -0.002 -22"><span class='ocrx_word' id='word_1_215' title='bbox 294 3276 377 3358; x_wconf 90' lang='lat' dir='ltr'>esset</span> <span class='ocrx_word' id='word_1_216' title='bbox 401 3269 522 3334; x_wconf 92' lang='lat' dir='ltr'>armis.</span> <span class='ocrx_word' id='word_1_217' title='bbox 567 3268 741 3354; x_wconf 85' lang='lat' dir='ltr'>Imperavit</span> <span class='ocrx_word' id='word_1_218' title='bbox 764 3269 864 3355; x_wconf 88' lang='lat' dir='ltr'>igitur</span> <span class='ocrx_word' id='word_1_219' title='bbox 891 3271 1165 3354; x_wconf 88' lang='lat' dir='ltr'>quamplurimas</span> <span class='ocrx_word' id='word_1_220' title='bbox 1188 3276 1359 3335; x_wconf 84' lang='lat' dir='ltr'>venenatas</span> 
     </span>
     <span class='ocr_line' id='line_1_37' title="bbox 294 3375 1358 3462; baseline -0.004 -18"><span class='ocrx_word' id='word_1_221' title='bbox 294 3383 456 3462; x_wconf 88' lang='lat' dir='ltr'>serpentes</span> <span class='ocrx_word' id='word_1_222' title='bbox 492 3378 582 3442; x_wconf 84' lang='lat' dir='ltr'>vivas</span> <span class='ocrx_word' id='word_1_223' title='bbox 624 3375 733 3461; x_wconf 81' lang='lat' dir='ltr'>colligi</span> <span class='ocrx_word' id='word_1_224' title='bbox 770 3380 866 3460; x_wconf 88' lang='lat' dir='ltr'>atque</span> <span class='ocrx_word' id='word_1_225' title='bbox 908 3378 942 3440; x_wconf 93' lang='lat' dir='ltr'>in</span> <span class='ocrx_word' id='word_1_226' title='bbox 977 3400 1054 3442; x_wconf 87' lang='lat' dir='ltr'>vasa</span> <span class='ocrx_word' id='word_1_227' title='bbox 1093 3378 1206 3442; x_wconf 90' lang='lat' dir='ltr'>fictilia</span> <span class='ocrx_word' id='word_1_228' title='bbox 1247 3378 1358 3442; x_wconf 72' lang='lat' dir='ltr'>conici.</span> 
     </span>
     <span class='ocr_line' id='line_1_38' title="bbox 295 3483 1363 3570; baseline -0.003 -20"><span class='ocrx_word' id='word_1_229' title='bbox 295 3486 435 3564; x_wconf 85' lang='lat' dir='ltr'>Quarum</span> <span class='ocrx_word' id='word_1_230' title='bbox 459 3509 531 3550; x_wconf 91' lang='lat' dir='ltr'>oum</span> <span class='ocrx_word' id='word_1_231' title='bbox 555 3506 705 3570; x_wconf 86' lang='lat' dir='ltr'>magnam</span> <span class='ocrx_word' id='word_1_232' title='bbox 723 3483 963 3547; x_wconf 87' lang='lat' dir='ltr'>multitudinem</span> <span class='ocrx_word' id='word_1_233' title='bbox 986 3485 1187 3568; x_wconf 82' lang='lat' dir='ltr'>confecisset,</span> <span class='ocrx_word' id='word_1_234' title='bbox 1210 3485 1280 3568; x_wconf 90' lang='lat' dir='ltr'>ipso</span> <span class='ocrx_word' id='word_1_235' title='bbox 1299 3485 1363 3566; x_wconf 66' lang='lat' dir='ltr'>die,</span> 
     </span>
     <span class='ocr_line' id='line_1_39' title="bbox 294 3591 1359 3678; baseline -0.004 -21"><span class='ocrx_word' id='word_1_236' title='bbox 294 3617 357 3678; x_wconf 93' lang='lat' dir='ltr'>quo</span> <span class='ocrx_word' id='word_1_237' title='bbox 387 3593 546 3677; x_wconf 90' lang='lat' dir='ltr'>proelium</span> <span class='ocrx_word' id='word_1_238' title='bbox 575 3591 687 3655; x_wconf 88' lang='lat' dir='ltr'>navale</span> <span class='ocrx_word' id='word_1_239' title='bbox 717 3591 860 3654; x_wconf 88' lang='lat' dir='ltr'>facturus</span> <span class='ocrx_word' id='word_1_240' title='bbox 887 3594 968 3673; x_wconf 82' lang='lat' dir='ltr'>erat,</span> <span class='ocrx_word' id='word_1_241' title='bbox 999 3591 1177 3655; x_wconf 86' lang='lat' dir='ltr'>classiarios</span> <span class='ocrx_word' id='word_1_242' title='bbox 1205 3593 1359 3656; x_wconf 72' lang='lat' dir='ltr'>convocat</span> 
     </span>
     <span class='ocr_line' id='line_1_40' title="bbox 293 3697 1396 3785; baseline -0.005 -21"><span class='ocrx_word' id='word_1_243' title='bbox 293 3701 396 3785; x_wconf 89' lang='lat' dir='ltr'>iisque</span> <span class='ocrx_word' id='word_1_244' title='bbox 419 3697 588 3783; x_wconf 69' lang='lat' dir='ltr'>praecipit,</span> <span class='ocrx_word' id='word_1_245' title='bbox 611 3703 646 3762; x_wconf 81' lang='lat' dir='ltr'>ut</span> <span class='ocrx_word' id='word_1_246' title='bbox 668 3719 770 3763; x_wconf 83' lang='lat' dir='ltr'>omnes</span> <span class='ocrx_word' id='word_1_247' title='bbox 788 3700 822 3762; x_wconf 79' lang='lat' dir='ltr'>ia</span> <span class='ocrx_word' id='word_1_248' title='bbox 841 3719 938 3762; x_wconf 83' lang='lat' dir='ltr'>unum</span> <span class='ocrx_word' id='word_1_249' title='bbox 956 3697 1136 3764; x_wconf 73' lang='lat' dir='ltr'>Eumenis</span> <span class='ocrx_word' id='word_1_250' title='bbox 1152 3699 1233 3782; x_wconf 79' lang='lat' dir='ltr'>repis</span> <span class='ocrx_word' id='word_1_251' title='bbox 1249 3719 1396 3764; x_wconf 80' lang='grc'><strong>1111111</strong></span> 
     </span>
     <span class='ocr_line' id='line_1_41' title="bbox 293 3803 1359 3891; baseline -0.004 -18"><span class='ocrx_word' id='word_1_252' title='bbox 293 3811 490 3891; x_wconf 77' lang='lat' dir='ltr'>concurrant,</span> <span class='ocrx_word' id='word_1_253' title='bbox 512 3828 534 3870; x_wconf 89' lang='grc'>1</span> <span class='ocrx_word' id='word_1_254' title='bbox 555 3806 688 3871; x_wconf 80' lang='lat' dir='ltr'>ceteris</span> <span class='ocrx_word' id='word_1_255' title='bbox 709 3805 787 3870; x_wconf 83' lang='lat' dir='ltr'>sotis</span> <span class='ocrx_word' id='word_1_256' title='bbox 809 3804 941 3870; x_wconf 82' lang='lat' dir='ltr'>tobeuat</span> <span class='ocrx_word' id='word_1_257' title='bbox 961 3825 993 3870; x_wconf 88' lang='lat' dir='ltr'>se</span> <span class='ocrx_word' id='word_1_258' title='bbox 1014 3805 1181 3886; x_wconf 77' lang='lat' dir='ltr'>defendere</span> <span class='ocrx_word' id='word_1_259' title='bbox 1225 3804 1269 3871; x_wconf 83' lang='lat' dir='ltr'>Id</span> <span class='ocrx_word' id='word_1_260' title='bbox 1289 3803 1359 3870; x_wconf 78' lang='lat' dir='ltr'>illos</span> 
     </span>
     <span class='ocr_line' id='line_1_42' title="bbox 291 3911 1359 3997; baseline -0.005 -18"><span class='ocrx_word' id='word_1_261' title='bbox 291 3914 382 3996; x_wconf 75' lang='lat' dir='ltr'>focile</span> <span class='ocrx_word' id='word_1_262' title='bbox 407 3913 591 3997; x_wconf 77' lang='lat' dir='ltr'>serpentium</span> <span class='ocrx_word' id='word_1_263' title='bbox 621 3911 818 3976; x_wconf 78' lang='lat' dir='ltr'>multitudiue</span> <span class='ocrx_word' id='word_1_264' title='bbox 843 3916 1059 3977; x_wconf 78' lang='lat' dir='ltr'>consecuturos.</span> <span class='ocrx_word' id='word_1_265' title='bbox 1110 3911 1178 3978; x_wconf 73' lang='lat' dir='ltr'>Rau</span> <span class='ocrx_word' id='word_1_266' title='bbox 1199 3912 1359 3976; x_wconf 72' lang='grc'><strong>1111111</strong></span> 
     </span>
     <span class='ocr_line' id='line_1_43' title="bbox 293 4017 1361 4106; baseline -0.004 -21"><span class='ocrx_word' id='word_1_267' title='bbox 293 4041 355 4106; x_wconf 81' lang='lat' dir='ltr'>quo</span> <span class='ocrx_word' id='word_1_268' title='bbox 382 4041 459 4086; x_wconf 84' lang='grc'><strong>1111</strong></span> <span class='ocrx_word' id='word_1_269' title='bbox 487 4018 627 4103; x_wconf 77' lang='lat' dir='ltr'>vehatur,</span> <span class='ocrx_word' id='word_1_270' title='bbox 653 4023 690 4082; x_wconf 80' lang='lat' dir='ltr'>ut</span> <span class='ocrx_word' id='word_1_271' title='bbox 715 4019 827 4100; x_wconf 73' lang='grc'><strong>111111,</strong></span> <span class='ocrx_word' id='word_1_272' title='bbox 853 4037 885 4083; x_wconf 83' lang='grc'>11</span> <span class='ocrx_word' id='word_1_273' title='bbox 912 4017 1080 4098; x_wconf 79' lang='lat' dir='ltr'>facturam.</span> <span class='ocrx_word' id='word_1_274' title='bbox 1127 4018 1223 4098; x_wconf 77' lang='lat' dir='ltr'>Quem</span> <span class='ocrx_word' id='word_1_275' title='bbox 1249 4019 1278 4083; x_wconf 82' lang='lat' dir='ltr'>si</span> <span class='ocrx_word' id='word_1_276' title='bbox 1304 4022 1361 4082; x_wconf 83' lang='lat' dir='ltr'>aut</span> 
     </span>
     <span class='ocr_line' id='line_1_44' title="bbox 293 4125 1360 4210; baseline -0.005 -17"><span class='ocrx_word' id='word_1_277' title='bbox 293 4128 426 4210; x_wconf 74' lang='lat' dir='ltr'>ceperint</span> <span class='ocrx_word' id='word_1_278' title='bbox 461 4131 517 4192; x_wconf 82' lang='lat' dir='ltr'>aut</span> <span class='ocrx_word' id='word_1_279' title='bbox 552 4125 770 4210; x_wconf 78' lang='lat' dir='ltr'>interfecerint,</span> <span class='ocrx_word' id='word_1_280' title='bbox 811 4145 923 4208; x_wconf 80' lang='lat' dir='ltr'>mapuo</span> <span class='ocrx_word' id='word_1_281' title='bbox 963 4125 998 4190; x_wconf 79' lang='lat' dir='ltr'>id</span> <span class='ocrx_word' id='word_1_282' title='bbox 1039 4125 1077 4190; x_wconf 80' lang='lat' dir='ltr'>iis</span> <span class='ocrx_word' id='word_1_283' title='bbox 1113 4125 1254 4207; x_wconf 78' lang='lat' dir='ltr'>proemio</span> <span class='ocrx_word' id='word_1_284' title='bbox 1292 4125 1360 4205; x_wconf 85' lang='lat' dir='ltr'>fore</span> 
     </span>
     <span class='ocr_line' id='line_1_45' title="bbox 293 4233 1398 4319; baseline -0.005 -22"><span class='ocrx_word' id='word_1_285' title='bbox 293 4233 471 4319; x_wconf 89' lang='lat' dir='ltr'>pollicetur.</span> <span class='ocrx_word' id='word_1_286' title='bbox 1369 4251 1398 4292; x_wconf 79' lang='lat' dir='ltr'>aa</span> 
     </span>
    </p>
   </div>
   <div class='ocr_carea' id='block_1_10' title="bbox 0 0 1606 4864">
    <p class='ocr_par' dir='ltr' id='par_1_13' title="bbox 0 0 1606 4864">
     <span class='ocr_line' id='line_1_46' title="bbox 0 0 1606 4864; baseline 0 0"><span class='ocrx_word' id='word_1_287' title='bbox 0 0 1606 4864; x_wconf 95' lang='lat' dir='ltr'> </span> 
     </span>
    </p>
   </div>
  </div>
 </body>
</html>
