3198 4864
696 413 900 468 numanus.
1305 419 1326 484 5

349 573 383 644 o.
408 576 507 641 Cuius
539 578 691 642 victoriae
722 599 796 641 non
828 577 994 640 alienum
1031 577 1195 660 videtur,
1233 578 1327 662 quale
1337 602 1550 642 DiaAthenerdan-

258 683 438 766 praemium
470 683 610 748 Miltiadi
642 685 685 748 sit
716 684 889 766 tributum,
922 685 1071 767 docere,
1105 706 1168 768 quo
1200 664 1551 766 facilius¹2¹2{⁹1¹,¹,¹,‘,¹,l,‘}{{,ln

261 791 405 876 intellegi
427 791 531 875 possit
558 791 691 855 eandem
719 791 864 854 omnium
893 791 1061 855 civitatum
1084 813 1152 855 esse
1170 795 1327 855 naturam.
1399 789 1483 828 W⁰i⁸⁰·

259 895 306 960 Ut
328 897 414 961 enim
436 898 549 982 populi
571 898 711 962 Romani
733 897 871 961 honores
895 899 1082 981 quondam
1110 898 1241 962 fuerunt
1263 898 1328 962 rari

235 1006 292 1066 set
315 1007 426 1068 tenues
449 1005 491 1069 ob
515 1027 648 1088 eamque
671 1025 799 1068 causam
818 1005 964 1090 gloriosi,
988 1025 1086 1068 nunc
1108 1004 1327 1085 autentcffusi

260 1113 356 1194 atque
385 1111 535 1195 obsoleti,
563 1124 618 1175 sic
640 1111 719 1176 olim
742 1112 828 1194 apud
849 1110 1062 1176 Athenienses
1089 1111 1188 1174 fuisse
1211 1123 1326 1194 reperi-

259 1239 338 1280 mus.
375 1217 524 1302 Namque
542 1219 619 1282 huic
636 1217 789 1302 Miltiadi,
809 1219 865 1302 qui
882 1217 1028 1283 Athenas
1046 1222 1212 1301 totamque
1232 1216 1326 1281 Grae-

259 1323 340 1386 ciam
363 1323 568 1408 liberaverat,
591 1325 683 1389 talis
705 1325 808 1389 honos
831 1325 973 1389 tributus
996 1329 1057 1408 est,
1080 1329 1117 1388 ut
1138 1325 1172 1388 in
1189 1325 1326 1409 porticu,

259 1452 340 1513 quae
354 1429 482 1494 Poecile
495 1436 628 1495 vocatur
632 1484 641 1516 ,
660 1453 733 1496 cum
747 1453 857 1518 pugna
875 1432 1101 1517 depingeretur
1114 1429 1326 1515 Marathonia,

222 1558 249 1596 ιο
258 1536 292 1599 in
315 1537 423 1600 decem
441 1543 627 1621 praetorum
645 1560 779 1602 numero
797 1539 902 1623 prima
921 1539 1002 1602 eius
1021 1538 1128 1623 imago
1152 1541 1326 1621 poneretur

257 1642 453 1708 hortantis
485 1645 605 1708 milites
636 1645 858 1729 proeliumque
891 1645 1181 1709 committentis.
1235 1642 1325 1708 Idem

256 1750 311 1813 ille
333 1751 486 1836 populus,
516 1756 724 1835 posteaquam
747 1751 868 1814 maius
891 1752 1062 1836 imperium
1086 1755 1134 1816 est
1157 1756 1269 1816 nactus
1293 1755 1325 1814 et

256 1856 427 1942 largitione
446 1859 694 1944 magistratuum
714 1863 883 1941 corruptus
902 1863 964 1941 est,
987 1863 1181 1922 trecentas
1202 1863 1324 1922 statuas

256 1963 422 2029 Demetrio
444 1964 600 2029 Phalereo
624 1965 772 2028 decrevit.

220 2091 247 2130 rs
345 2069 378 2136 7.
399 2069 478 2134 Post
509 2071 572 2135 hoc
603 2071 762 2154 proelium
795 2071 928 2134 classem
958 2072 1163 2156 septuaginta
1192 2073 1322 2135 navium
1333 2091 1363 2130 u.
1383 2093 1487 2142 acragas
1504 2094 1546 2131 ra

255 2177 469 2242 Athenienses
501 2177 604 2240 eidem
636 2175 777 2241 Miltiadi
809 2177 976 2260 dederunt,
1008 2181 1045 2240 ut
1075 2178 1208 2261 insulaS,
1241 2200 1322 2262 quae
1419 2166 1464 2194 ‘¹¹⁵'

256 2284 410 2348 barbaros
442 2284 643 2367 adiuverant,
675 2284 761 2348 bello
793 2287 1045 2368 persequeretur.
1098 2283 1169 2360 Quo
1200 2286 1233 2348 in
1266 2287 1322 2348 im-

255 2391 344 2472 perio
370 2391 539 2475 plerasque
567 2391 608 2454 ad
637 2391 781 2454 officium
810 2391 914 2454 redire
941 2391 1060 2476 coegit,
1090 2392 1261 2455 nonnullas
1290 2393 1323 2456 vi

255 2498 459 2582 expugnavit.
505 2497 556 2560 Ex
583 2497 635 2561 his
661 2497 781 2561 Parum
809 2497 947 2560 insulam
971 2497 1086 2581 opibus
1109 2498 1226 2562 elatam
1250 2521 1322 2562 cum

219 2605 430 2668 moratione
466 2605 672 2668 reconciliare
708 2627 773 2668 non
808 2609 929 2688 posset,
966 2603 1097 2688 copias
1133 2627 1150 2668 e
1186 2589 1337 2669 navibus'

255 2709 378 2792 eduxit,
401 2711 514 2774 urbem
538 2712 688 2795 operibus
712 2711 827 2775 clausit
850 2711 1001 2794 omnique
1020 2715 1200 2775 commeatu
1217 2713 1321 2795 priva-

255 2815 315 2899 vit,
335 2815 448 2878 deinde
466 2817 568 2880 vineis
587 2839 624 2880 ac
637 2818 853 2881 testudinibus
868 2819 1052 2882 constitutis
1065 2819 1197 2901 propius
1211 2840 1321 2882 muros

254 2922 396 2986 accessit.
443 2920 524 2985 Oum
561 2923 625 2988 iam
662 2923 697 2986 in
734 2945 771 2986 eo
804 2927 900 3006 esset,
932 2928 969 2986 ut
1001 2924 1119 3007 oppido
1151 2908 1320 3008 potiretur,
1329 2952 1360 2992 n.
1374 2954 1441 2993 aaa
1460 2965 1543 2994 unver-

252 3029 366 3112 procul
388 3029 491 3112 lucus,
522 3030 578 3113 qui
601 3053 640 3094 ex
663 3030 768 3094 insula
790 3029 1059 3113 conspiciebatur,
1089 3030 1218 3094 nescio
1247 3015 1543 3118 quofflfftffiheffl

217 3154 341 3199 rocasu
371 3140 529 3200 nocturno
559 3141 704 3221 tempore
731 3137 879 3200 incensus
905 3141 963 3202 est.
1009 3135 1108 3200 Cuius
1130 3137 1260 3202 flamma
1283 3143 1320 3202 ut
1404 3141 1467 3180 ‘⁰⁰¹‘-

253 3242 294 3305 ab
323 3243 490 3325 oppidanis
518 3247 550 3307 et
578 3244 855 3330 oppugnatoribus
883 3245 1035 3333 estovisa,
1064 3245 1208 3328 utrisque
1231 3247 1320 3310 venit

253 3349 287 3410 in
317 3349 500 3432 opinionem
537 3350 665 3436 signum
702 3374 769 3416 esse
803 3374 822 3414 a
851 3351 1022 3414 classiariis
1051 3351 1169 3436 regiis
1199 3352 1318 3418 datum.

253 3453 323 3530 Quo
342 3455 463 3518 factum
487 3460 548 3540 est,
571 3461 613 3520 ut
636 3461 672 3520 et
690 3456 795 3520 Parii
814 3480 833 3520 a
851 3457 1012 3521 deditione
1032 3458 1319 3523 deterrerentur

253 3565 289 3624 et
318 3561 530 3646 Miltiades,
560 3563 692 3646 timens,
722 3586 761 3626 ne
792 3564 902 3628 classis
930 3564 1018 3650 regia
1045 3565 1243 3649 adventaret,
1272 3567 1317 3630 in-

216 3669 354 3732 accensis
382 3670 546 3754 operibus,
576 3693 656 3754 quae
685 3674 855 3755 statuerat,
886 3693 958 3734 cum
986 3672 1149 3736 totidem
1173 3674 1317 3758 navibus,

252 3779 365 3859 atque
397 3780 466 3840 erat
496 3777 672 3860 profectus,
708 3775 852 3841 Athenas
889 3800 1006 3864 magna
1038 3800 1110 3843 cum
1143 3781 1317 3844 offensione

251 3882 369 3946 civium
393 3904 524 3948 auorum
547 3883 698 3947 rediret.

188 3991 242 4047 489
339 3987 517 4053 Accusatus
545 3990 646 4075 igitur
669 3994 718 4054 est
739 3991 945 4076 proditionis,
974 3992 1072 4076 quod,
1101 4013 1173 4056 cum
1196 3992 1315 4057 Parum
1325 4020 1356 4059 n.
1369 4021 1427 4122 33ιὲ
1439 4019 1538 4121 13οὲ333

1279 4101 1285 4113 ·
1343 4094 1396 4121 zum
1426 4093 1437 4121 0
1456 4093 1469 4121 8
1486 4093 1525 4121 cn-

250 4116 433 4179 expugnare
465 4101 586 4180 posset,
614 4120 632 4160 a
664 4119 739 4182 rege
771 4103 940 4182 corruptus
972 4100 1100 4164 infectis
1129 4100 1224 4164 rebus
1255 4101 1536 4184 dis-mmmmm,h

213 4221 240 4262 aa
250 4202 403 4266 cessisset.
454 4201 503 4266 Eo
536 4207 680 4287 tempore
712 4225 807 4289 aeger
838 4210 906 4269 erat
937 4206 1136 4290 vulneribus
1169 4229 1250 4290 quae
1282 4208 1316 4270 in
