2940 4710
566 365 787 422 mammons.
950 423 957 436 ,
1161 373 1202 436 27

140 534 273 613 postea
301 529 496 615 suffragante
519 530 716 595 Theramene
737 531 851 614 populi
873 532 954 596 scito
978 532 1205 596 restituitur

140 638 274 721 parique
298 638 411 701 absens
434 637 569 720 imperio
587 638 773 720 praeficitur
791 637 888 702 simul
907 659 980 702 cum
999 639 1203 722 Thrasybulo

100 744 106 754 ’
141 749 173 809 et
196 744 401 808 Theramene.

229 851 355 915 Horum
383 851 417 914 in
448 851 584 934 imperio
616 850 707 918 tanta
738 853 948 917 commutatio
980 876 1087 917 rerum
1119 854 1205 917 facta
1228 878 1254 917 n.
1268 879 1337 917 sena
1351 879 1410 929 sag-

119 963 258 1043 sest,'ut
271 957 535 1042 Lacedaemonii,
548 959 603 1042 qui
616 958 714 1042 paulo
733 963 806 1022 ante
825 960 995 1033 victores
1014 960 1204 1045 viguerant,
1215 943 1413 1045 Ῑθίᾛξξὼα

78 1072 132 1127 410
141 1066 304 1151 perterriti
339 1087 452 1149 pacem
487 1068 641 1148 peterent.
686 1064 776 1129 Victi
812 1067 898 1131 enim
934 1071 1025 1130 erant
1064 1067 1204 1151 quinque

141 1173 272 1258 proeliis
291 1172 508 1256 terrestribus,
531 1173 636 1236 tribus
655 1171 836 1256 navalibus
859 1174 893 1236 in
917 1174 1033 1257 quibus
1053 1175 1205 1237 ducentas
1261 1243 1263 1246 ,

142 1303 237 1345 naves
256 1280 403 1344 triremes
417 1279 603 1363 amiserant,
623 1302 703 1362 quae
723 1283 833 1362 captae
848 1280 882 1342 in
895 1279 1038 1344 hostium
1053 1285 1206 1344 venerant

140 1392 343 1472 potestatem.
388 1385 572 1450 Alcibiades
603 1385 700 1449 simul
738 1407 811 1449 cum
843 1385 975 1469 collegis
1007 1393 1205 1470 receperat

107 1517 132 1555 ιο
141 1493 279 1578 Ioniam,
307 1492 581 1576 Hellespontum,
595 1491 714 1557 multas
735 1496 900 1579 praeterea
922 1494 1034 1557 urbes
1059 1492 1205 1578 Graecas,

143 1623 236 1686 quae
256 1601 290 1664 in
309 1622 365 1664 ora
384 1600 464 1664 sitae
482 1603 558 1663 sunt
576 1599 742 1683 Thraciae,
762 1621 923 1683 quarum
942 1608 1216 1686 expugnaverant¹

142 1708 335 1791 complures,
362 1708 396 1770 in
426 1707 471 1770 eis
493 1706 698 1790 Byzantium,
728 1728 831 1789 neque
859 1707 966 1771 minus
989 1708 1108 1772 multas
1132 1731 1203 1773 con-

141 1816 214 1878 silio
233 1815 278 1891 ¹ad
301 1813 476 1878 amicitiam
500 1813 722 1896 adiunxerant,
747 1814 833 1897 quod
855 1815 889 1877 in
908 1819 1017 1898 captos
1037 1816 1206 1880 clementia
1295 1901 1296 1905 Ἰ

141 1923 270 1985 fuerant
283 1921 341 1984 usi.
369 1918 421 1984 Ita
431 1920 549 2003 praeda
563 1921 671 1983 onusti
684 1920 879 2003 locupletato
899 1922 1040 1986 exercitu
1055 1924 1205 1986 maximis

78 2033 133 2090 408
141 2029 237 2092 rebus
261 2028 360 2113 gestis
382 2025 527 2090 Athenas
549 2031 712 2090 venerunt.

108 2157 133 2195 11
231 2132 265 2202 6.
289 2134 349 2198 His
373 2155 445 2196 cum
469 2133 597 2197 obviam
620 2133 768 2204 universa
791 2134 903 2198 civitas
926 2135 960 2197 in
982 2134 1131 2199 Piraeum
1155 2138 1204 2200 de·
1241 2162 1284 2201 na
1298 2162 1402 2202 naam

142 2241 328 2324 scendisset,
347 2244 454 2304 tanta
472 2240 536 2303 fuit
554 2240 698 2304 omnium
717 2241 911 2324 exspectatio
926 2241 1050 2305 visendi
1063 2242 1204 2308 Alcibia-
1223 2224 1413 2336 ξζζξζζξζᾚ

142 2349 203 2432 dis,
233 2352 276 2412 ut
301 2348 342 2411 ad
371 2347 439 2411 eius
464 2347 628 2410 triremem
651 2347 766 2432 vulgus
793 2347 978 2432 conflueret,
1008 2350 1142 2432 proinde
1168 2373 1204 2414 ac
1265 2350 1377 2390 ⁸⁶¹¹¹ffi⁰¹2

142 2457 169 2519 si
197 2455 302 2518 solus
330 2455 515 2519 advenisset.
567 2453 631 2518 Sic
658 2454 742 2518 enim
769 2455 890 2538 populo
918 2460 987 2519 erat
1018 2479 1205 2538 persuasum

106 2567 174 2626 acet
193 2564 339 2626 adversas
358 2562 537 2645 superiores
556 2565 593 2625 et
610 2565 792 2644 praesentes
811 2562 965 2625 secundas
984 2585 1034 2626 res
1054 2565 1205 2628 accidisse

142 2670 223 2733 eius
253 2680 357 2751 opera.
403 2666 516 2751 Itaque
546 2672 578 2731 et
607 2691 680 2732 suas
712 2669 746 2731 in
777 2666 887 2732 Sicilia
916 2669 1021 2733 clades
1052 2675 1084 2734 et
1111 2671 1204 2735 Lace·

143 2774 384 2837 daemoniorum
419 2774 569 2844 victorias
606 2775 717 2858 culpae
754 2797 843 2838 suae
879 2775 1081 2860 tribuebant,
1119 2780 1205 2861 quod

142 2880 239 2944 talem
262 2881 368 2944 virum
392 2902 409 2943 e
433 2880 562 2943 civitate
585 2881 790 2964 expulissent.
826 2881 940 2964 Neque
964 2883 996 2945 id
1020 2883 1087 2946 sine
1111 2906 1206 2948 causa

142 2987 293 3051 arbitrari
316 2988 513 3051 videbantur.
558 2985 644 3051 Nam
666 2991 838 3070 postquam
861 2987 916 3051 ille
940 2990 1094 3054 exercitui
1117 3014 1204 3074 prae-

107 3116 210 3158 ssesse
234 3098 393 3178 coeperat,
421 3116 523 3178 neque
547 3099 633 3158 terra
659 3088 770 3178 neque,
785 3095 867 3158 mari
890 3094 999 3160 hostes
1021 3120 1114 3180 pares
1137 3121 1205 3162 esse

45 3269 48 3276 ,
141 3205 322 3284 potuerant.

230 3307 294 3370 Hic
312 3312 349 3371 ut
368 3330 384 3371 e
403 3309 477 3371 navi
497 3330 642 3393 egressus
660 3313 721 3392 est,
745 3331 972 3394 quamquam
992 3310 1204 3376 Theramenes
1228 3338 1254 3378 Α,
1269 3339 1327 3378 was
1341 3339 1408 3378 serer-

142 3418 174 3477 et
197 3413 418 3497 Thrasybulus
441 3415 559 3478 eisdem
582 3415 677 3479 rebus
699 3417 904 3498 praefuerant
931 3418 1090 3500 simulque
1114 3402 1284 3483 vene-¹³⁰hst
1303 3401 1413 3452 ⁰³³⁸⁰¹²⁰l

141 3525 215 3586 rant
237 3521 272 3584 in
294 3521 457 3605 Piraeum,
485 3525 610 3586 tamen
633 3545 745 3585 unum
769 3544 879 3587 omnes
903 3524 1012 3588 illum
1034 3548 1204 3610 proseque-

106 3628 272 3712 aobantur,
313 3632 358 3712 et,
399 3629 433 3692 id
469 3630 555 3712 quod
590 3651 765 3712 numquam
806 3635 900 3695 antea
941 3637 1089 3696 evenerat
1130 3633 1204 3697 nisi

142 3731 310 3818 Olympiae
346 3735 536 3819 victoribus,
573 3737 699 3799 coronis
735 3737 853 3801 laureis
890 3739 1068 3823 taeniisque
1106 3741 1203 3825 vulgo

142 3841 329 3905 donabatur.
365 3840 426 3905 Ille
443 3842 614 3906 lacrimans
632 3843 730 3906 talem
753 3845 1061 3909 benevolentiam
1086 3847 1204 3911 civium

142 3969 272 4011 suorum
292 3949 481 4033 accipiebat,
503 3950 708 4016 reminiscens
727 3951 857 4034 pristini
880 3953 1034 4035 temporis
1058 3954 1203 4017 acerbi-

142 4058 267 4118 tatem.
317 4055 493 4140 Postquam
525 4057 559 4120 in
590 4058 703 4121 urbem
735 4058 836 4141 venit,
869 4059 1017 4122 contione
1050 4061 1204 4124 advocata

105 4160 197 4224 assic
223 4162 321 4226 verba
348 4163 438 4247 fecit,
470 4167 511 4226 ut
543 4186 636 4228 nemo
668 4169 744 4228 tam
771 4166 859 4228 ferus
886 4170 982 4249 esset,
1016 4167 1108 4250 quin
1136 4168 1204 4231 eius
