2940 4710
510 341 735 394 ALEXANDER
753 339 913 396 MAGNUS.
1200 345 1241 409 57

175 507 361 573 habiturum.
407 505 460 568 Ad
488 505 546 568 has
576 505 701 567 litteras
724 485 907 567 Alexander
934 505 1020 589 regie
1049 527 1085 568 ac
1108 505 1243 588 superbe

175 614 340 697 respondit
367 635 397 678 se
419 634 502 678 narrar
525 613 622 678 Asiae
643 632 742 694 repam
765 632 841 688 essa·
871 611 996 677 Dareus
1018 613 1096 694 ipse
1122 614 1243 695 veniret,

174 727 210 785 ut
240 741 310 786 suos
338 741 439 786 secum
471 723 628 783 reduceret.
684 717 833 782 Feminas
867 722 974 781 autem
1007 719 1092 801 ipsas
1124 720 1243 802 eadem,

175 839 238 911 qua
258 831 364 909 antea,
383 826 586 890 observantia
601 824 734 889 colebat.
750 864 792 870 —
808 825 931 888 Deinde
946 847 1018 888 curn
1033 825 1243 889 Maceddnum

152 957 251 1017 sopes
279 935 312 997 in
341 934 407 996 dies
431 937 620 1015 crescerent,
650 932 820 995 Persarum
844 955 899 995 rex
923 933 1039 996 iterum
1063 933 1181 995 litteris
1204 934 1244 995 ad

175 1063 248 1104 eum
268 1041 351 1103 datis
369 1040 473 1102 maius
492 1039 589 1102 etiam
608 1040 747 1122 pretium
767 1040 796 1102 ei
816 1039 936 1103 obtulit
949 1039 1124 1122 Asiamque
1143 1062 1243 1122 usque

175 1149 215 1210 ad
224 1147 433 1230 Euphratem.
459 1145 551 1221 Quod
561 1167 633 1208 curn
643 1146 814 1209 Parmenio
825 1142 1098 1230 audivisset,‘Eyo
1108 1143 1239 1228 quidem’

174 1255 281 1338 inquit
305 1249 354 1318 ‘a'd
381 1257 558 1337 cccipemra,
588 1255 617 1318 sa'
639 1252 818 1317 Alexander
845 1248 953 1320 essem?
998 1251 1079 1336 ‘Epo
1108 1248 1242 1338 qudque’,

174 1360 357 1424 Alexander
379 1359 557 1442 respondit,
576 1354 618 1423 ‘sa'
641 1379 732 1423 essem
755 1355 937 1424 Parmenio?

140 1492 164 1529 ro
264 1463 318 1533 11.
351 1466 465 1551 Pugna
501 1466 601 1551 igitur
638 1465 679 1528 ad
714 1463 818 1529 Issum
855 1466 941 1530 facta
972 1465 1226 1530 Alexander
1234 1491 1279 1550 ,A.
1288 1491 1458 1542 erobert'ryruo

173 1574 351 1659 fugientem
370 1572 511 1636 Dareum
534 1594 599 1635 non
622 1576 820 1656 persecutus,
844 1573 959 1636 melius
978 1595 1045 1636 esse
1065 1574 1243 1637 censebat

173 1686 277 1744 totam
314 1702 403 1744 oram
440 1679 636 1742 maritimam
670 1677 876 1763 Cyprumque
909 1680 1047 1743 insulam
1080 1702 1243 1764 occupare,

173 1789 314 1871 partim
338 1792 375 1850 ut
399 1787 506 1869 copias
529 1785 658 1848 navales
676 1785 847 1849 Persarum
868 1786 986 1850 deleret
1004 1787 1242 1872 Phoenicesque

174 1896 293 1958 inritos
311 1893 418 1957 Persis
442 1893 648 1957 oboedientes
672 1892 735 1955 sibi
754 1893 955 1978 adiungeret,
979 1895 1120 1976 partim
1144 1899 1185 1957 ut
1209 1895 1242 1957 in

139 2024 163 2063 15
173 2001 224 2064 his
238 2001 425 2086 regionibus
439 1999 616 2063 exercitum
630 1999 722 2062 valde
737 2000 937 2063 deminutum
953 2005 1091 2085 augeret.
1119 2000 1243 2063 Deinde

173 2109 234 2172 hac
270 2108 366 2171 Asiae
403 2111 494 2190 parte
531 2110 646 2189 pacata
683 2106 716 2168 in
753 2105 916 2170 Persidem
953 2107 1056 2190 ipsam
1092 2108 1242 2192 progredi

174 2215 296 2278 statuit.
338 2212 406 2276 Iarn
426 2217 496 2277 tota
516 2212 608 2296 Syria
627 2217 660 2276 et
678 2212 837 2276 Phoenice
856 2218 982 2296 praeter
1001 2213 1122 2297 Tyrum
1141 2213 1242 2276 Mace-

175 2323 293 2385 donum
313 2325 389 2384 erat.
427 2320 475 2383 Ea
495 2320 607 2383 civitas
626 2319 856 2404 magnitudine,
876 2321 1053 2404 opulentia,
1072 2319 1242 2383 nobilitate
1340 2386 1346 2392 ,

174 2429 286 2492 ceteris
304 2432 470 2512 praestans
484 2426 704 2490 Alexandrum
723 2428 891 2492 moenibus
909 2428 1049 2511 recipere
1067 2427 1242 2490 recusabat.

138 2535 258 2599 eoLoco
283 2535 384 2620 igitur
410 2534 500 2597 urbis
524 2537 638 2596 natura
662 2538 758 2617 atque
781 2538 849 2597 arte
872 2533 1106 2598 munitissimae
1131 2533 1242 2596 confisi

174 2680 216 2686 —
240 2643 323 2704 freto
348 2642 598 2724 quingentorum
621 2640 687 2703 fere
710 2663 863 2722 passuum
887 2664 906 2704 a
929 2640 1112 2722 continenti
1126 2640 1242 2703 divide-

174 2749 271 2812 batur
290 2785 331 2792 -—
352 2747 465 2829 Tyrii
489 2768 613 2808 summa
636 2745 755 2808 virtute
775 2769 811 2809 ac
829 2747 986 2829 patientia
1005 2745 1242 2810 vehementissi-

173 2877 243 2918 mos
258 2853 470 2917 Macedonum
485 2851 624 2934 impetus
638 2874 695 2935 per
714 2857 836 2935 septem
855 2875 980 2916 menses
998 2852 1241 2935 repellebant

173 2984 293 3045 neque
322 2961 390 3025 ulla
419 2960 452 3023 vi
483 2963 538 3023 aut
569 2962 636 3021 arte
667 2958 766 3021 animi
790 2981 900 3022 eorum
923 2960 1030 3044 frangi
1052 2963 1241 3042 poterant.

138 3092 163 3131 aa
174 3106 215 3113 —
230 3066 303 3150 lpse
318 3066 500 3130 Alexander
522 3066 620 3152 longa
639 3064 804 3129 obsidione
823 3065 924 3130 iratus
943 3067 1083 3130 maxima
1101 3065 1242 3149 pericula

173 3173 303 3237 subibat
341 3195 461 3256 suoque
498 3173 644 3256 exemplo
682 3172 874 3258 defatigatos
911 3173 1031 3236 milites
1072 3174 1241 3237 excitabat.

174 3279 320 3363 Denique
344 3301 459 3364 aggere
482 3301 539 3362 per
562 3302 649 3343 mare
671 3280 711 3342 ad
729 3280 798 3362 ipsa
816 3281 943 3343 moenia
961 3279 1051 3343 urbis
1070 3284 1241 3363 exstructo,

174 3407 246 3451 cum
283 3386 494 3450 Macedonum
532 3385 640 3449 classis
677 3386 924 3469 supervenisset,
965 3387 1068 3470 urbS,
1105 3387 1240 3469 septimo

173 3516 281 3557 mense
310 3497 385 3577 post
416 3515 512 3576 quarn
543 3492 682 3556 obsideri
713 3497 825 3576 coepta
855 3497 936 3575 erat,
968 3492 1001 3555 vi
1031 3497 1144 3576 capta
1174 3497 1240 3557 est.

137 3625 163 3665 ro
172 3600 269 3665 Multi
293 3600 416 3664 incolae
440 3600 522 3663 caesi
545 3604 632 3682 sunt,
656 3600 772 3683 reliqui
791 3600 959 3663 venierunt
978 3604 1074 3683 atque
1093 3601 1127 3663 in
1146 3600 1240 3664 servi-

172 3711 276 3772 tutem
300 3708 430 3772 abducti
453 3712 536 3771 sunt.

262 3811 316 3882 12.
340 3815 425 3898 Tyro
454 3814 534 3878 urbe
565 3819 658 3897 capta
685 3813 867 3877 Alexander
896 3814 929 3876 in
953 3813 1138 3899 Aegyptum
1168 3837 1238 3898 pro·
1263 3836 1289 3874 n.
1308 3836 1371 3897 ¹arant
1390 3839 1452 3877 naon

104 3943 106 3946 ’
172 3921 272 3984 ficisci
294 3921 467 3984 festinavit.
514 3920 668 4006 Aegyptii
696 3925 803 3984 autem
835 3925 941 3984 vetere
968 3920 1137 3985 Persarum
1166 3923 1239 3986 odio
1302 3897 1417 3949 ‘imm‘

171 4027 310 4111 permoti
333 4027 522 4091 Macedones
546 4027 638 4091 laetis
662 4027 776 4090 animis
796 4031 995 4110 exceperunt.
1030 4026 1099 4103 Quo
1119 4029 1240 4116 factum

136 4159 162 4200 aa
173 4139 234 4218 est,
257 4139 294 4200 ut
312 4158 411 4218 paene
430 4135 498 4198 sine
518 4134 690 4198 certamine
709 4138 778 4198 tota
797 4139 882 4198 terra
901 4135 941 4197 ab
961 4133 1000 4197 iis
1020 4139 1240 4218 occuparetur,
