3198 4864
676 443 874 498 HANNIBAL.
1268 448 1306 509 Π

180 613 233 668 196
331 607 454 671 Deinde
476 607 519 671 M.
540 606 674 672 Claudio
697 607 732 671 L.
751 608 849 671 Furio
870 606 1055 670 consulibus
1079 606 1181 670 Roma
1209 606 1309 691 legati
1318 631 1347 669 n.
1355 631 1479 669 aaaron
1489 642 1530 671 aus
1584 667 1585 684 ,

244 714 471 800 Carthaginem
499 719 662 779 venerunt.
713 714 782 778 Hos
812 713 1009 777 Hannibal
1036 713 1086 776 sui
1118 713 1309 796 exposcendi
1362 694 1488 742 ΝΜΟ·

243 843 337 885 causa
367 823 483 886 missos
514 844 582 886 esse
614 822 855 904 existimans,
887 821 1075 903 priusquam
1108 819 1147 883 iis
1179 824 1309 884 senatus

243 929 385 1012 daretur,
417 951 531 992 navem
562 929 644 992 clam
675 926 897 992 conscendit
927 932 1023 1010 atque
1053 927 1087 990 in
1111 925 1239 1009 Syriam
1269 926 1309 988 ad
1395 919 1399 927 ’

207 1035 441 1099 sAntibchum
470 1037 621 1122 perfugit.
667 1035 737 1111 Qua
766 1057 800 1098 re
830 1034 937 1117 palam
966 1034 1052 1096 facta
1082 1033 1184 1097 Poeni
1213 1055 1309 1096 naves

244 1143 335 1225 duas,
366 1165 446 1226 quae
473 1166 560 1226 eum,
590 1144 617 1207 si
641 1142 793 1225 consequi
820 1145 964 1224 possent,
994 1139 1308 1223 comprehenderent,

243 1250 412 1332 miserunt,
436 1250 521 1313 bona
539 1250 607 1312 eius
625 1249 884 1332 publicaverunt,
903 1248 1034 1311 domum
1053 1270 1072 1310 a
1090 1246 1308 1310 fundamentis

244 1357 449 1439 disiecerunt,
472 1356 578 1438 ipsum
601 1355 743 1419 exsulem
766 1355 995 1418 iudicaverunt.

333 1461 367 1527 8.
392 1462 441 1525 At
459 1461 653 1526 Hannibal
676 1483 760 1526 anno
780 1465 895 1546 quarto
913 1466 988 1544 post
1007 1483 1104 1544 quam
1123 1460 1218 1523 domo
1236 1481 1530 1542 pro-nannienases

181 1573 234 1628 193
243 1569 383 1654 fugerat,
406 1568 440 1633 L.
461 1568 610 1633 Corneho
629 1568 665 1644 Q.
683 1568 827 1632 Minucio
851 1567 1048 1651 consulibus,
1071 1588 1143 1630 cum
1167 1567 1308 1650 quinque
1354 1549 1488 1588 Anti⁰⁰¹¹¹¹³

209 1676 379 1739 anavibus
407 1676 451 1739 ad
473 1674 643 1740 Africam
672 1676 836 1740 accessit
863 1676 897 1738 in
919 1675 1039 1738 finibus
1063 1673 1308 1758 Cyrenaeorum,

243 1782 271 1846 si
311 1783 395 1846 forte
437 1781 717 1868 Carthaginienses
763 1783 803 1846 ad
843 1782 965 1846 bellum
1011 1782 1159 1847 inducere
1199 1785 1308 1864 posset

243 1887 397 1953 Antiochi
429 1913 484 1973 spe
516 1890 709 1974 fiduciaque,
742 1890 793 1953 cui
825 1890 890 1952 iam
920 1893 1134 1972 persuaserat,
1166 1891 1203 1950 ut
1236 1908 1308 1950 oum

243 1997 436 2062 exercitibus
463 1997 497 2059 in
524 1995 653 2060 Italiam
680 1997 943 2079 proficisceretur.
972 2033 1014 2040 —
1038 1995 1111 2058 Huc
1137 1993 1309 2079 Magonem

209 2123 234 2162 rs
243 2103 376 2166 fratrem
417 2104 543 2168 excivit.
601 2100 639 2166 Id
679 2103 735 2166 ubi
772 2102 872 2166 Poeni
908 2102 1096 2183 rescierunt,
1137 2100 1309 2185 Magonem

244 2210 367 2292 eadem,
404 2232 467 2293 qua
502 2211 648 2293 fratrem,
684 2231 788 2293 poena
824 2210 988 2272 absentem
1025 2207 1206 2270 affecerunt.
1255 2204 1308 2270 llli

244 2316 419 2399 desperatis
446 2317 542 2380 rebus
566 2338 639 2380 cum
666 2315 837 2380 solvissent
859 2337 955 2380 naves
978 2336 1015 2378 ac
1038 2313 1108 2378 vela
1130 2313 1235 2378 ventis
1259 2313 1308 2376 de-

244 2423 377 2508 dissent,
403 2423 567 2488 Hannibal
587 2423 628 2486 ad
647 2421 858 2506 Antiochum,
881 2421 991 2506 Syriae
1013 2443 1133 2507 regem,
1153 2421 1308 2504 pervenit.

244 2568 286 2574 —
317 2530 365 2594 De
394 2530 543 2616 Magonis
572 2531 706 2594 interitu
736 2529 875 2613 duplex
905 2530 1060 2593 memoria
1092 2529 1221 2612 prodita
1251 2533 1307 2592 est.
1349 2555 1429 2604 uagos
1444 2556 1499 2594 ror.

209 2635 391 2719 ollamque
411 2637 481 2700 alii
500 2660 573 2700 eum
591 2637 759 2722 naufragio
777 2649 911 2720 perisse,
930 2636 998 2700 alii
1017 2657 1036 2699 a
1055 2636 1189 2700 servulis
1208 2634 1308 2718 ipsius

244 2741 448 2804 interfectum
470 2765 537 2805 esse
560 2743 716 2826 scriptum
738 2743 944 2826 reliquerunt.

333 2847 514 2911 Antiochus
545 2852 666 2931 autem,
695 2850 721 2912 si
752 2853 830 2912 tam
861 2850 894 2912 in
924 2850 1089 2934 gerendo
1119 2848 1204 2911 bello
1236 2869 1530 2924 con-rraefemgtene

243 2953 325 3017 siliis
343 2953 536 3018 Hannibalis
553 2966 665 3038 parere
684 2955 851 3038 voluisset,
875 2977 984 3039 quam
1008 2956 1041 3018 in
1060 2954 1308 3038 suscipiendo
1322 2937 1424 2985 ΨΜ
1439 2939 1523 2977 Μ’

244 3061 440 3144 instituerat,
458 3062 590 3145 propius
603 3061 747 3126 Tiberim
766 3085 863 3146 quam
877 3062 1108 3146 Thermopylas
1128 3061 1165 3125 de
1184 3083 1309 3124 summa

208 3189 234 3228 25
244 3167 370 3251 imperii
398 3169 621 3232 dimicavisset.
676 3168 778 3245 Quem
806 3169 867 3233 etsi
894 3168 1058 3234 Hannibal
1085 3169 1188 3233 multa
1210 3168 1308 3232 stulte

244 3275 352 3338 conari
384 3274 526 3357 videbat,
562 3278 669 3339 tamen
706 3276 795 3340 nulla
831 3275 864 3339 in
897 3299 931 3342 re
964 3276 1110 3342 deseruit.
1164 3275 1309 3339 Praefuit

182 3381 392 3463 lfflnavibus,
429 3402 508 3464 quas
544 3403 582 3444 ex
616 3380 709 3464 Syria
745 3383 850 3446 iussus
886 3387 955 3446 erat
986 3384 1021 3446 in
1047 3382 1159 3446 Asiam
1187 3382 1309 3463 ducere,

244 3489 346 3571 iisque
376 3509 449 3551 cum
479 3487 681 3552 Rhodiorum
713 3488 812 3552 classe
841 3488 876 3552 in
902 3488 1094 3572 Pamphylio
1125 3490 1206 3552 mari
1236 3510 1307 3552 con·

243 3595 340 3680 flixit,
364 3617 428 3679 quo
452 3594 485 3657 in
508 3594 630 3677 proelio
655 3615 728 3660 cum
746 3594 953 3660 multitudine
972 3595 1226 3659 adversariorum
1249 3595 1308 3658 sui

208 3707 483 3785 asuperarentur,
506 3702 601 3785 ipse,
624 3723 688 3784 quo
711 3723 811 3766 cornu
834 3725 902 3766 rem
925 3703 1038 3788 gessit,
1067 3703 1131 3766 fuit
1153 3703 1307 3786 superior.

182 3811 235 3866 luc
332 3807 365 3876 9.
389 3807 551 3876 Antiocho
570 3830 670 3892 prope
688 3809 901 3895 Magnesiam,
924 3829 1005 3893 quae
1024 3809 1131 3873 estad
1151 3808 1307 3894 Sipylum,
1335 3837 1363 3874 n.
1378 3836 1421 3874 auf
1433 3835 1510 3874 uren.

243 3913 355 3999 fugato
374 3913 568 3978 Hannibal
586 3915 745 3999 veritus,
764 3939 804 3979 ne
823 3916 1003 3999 dederetur,
1023 3916 1109 4000 quod
1123 3917 1191 3979 sine
1210 3916 1307 3979 dubio

244 4021 421 4104 accidisset,
441 4022 469 4084 si
486 4021 536 4084 sui
554 4021 682 4085 fecisset
699 4027 905 4107 potestatem,
927 4022 1055 4086 Cretam
1074 4023 1114 4086 ad
1133 4021 1307 4105 Gortynios

182 4127 362 4209 mevenit,
399 4131 435 4190 ut
467 4127 526 4206 ibi,
564 4149 627 4211 quo
660 4150 693 4192 se
725 4130 896 4212 conferret,
929 4130 1151 4194 consideraret.
1197 4128 1308 4192 Vidit

208 4237 351 4296 arautem
375 4233 423 4296 vir
455 4234 598 4297 omnium
631 4235 869 4318 callidissimus,
901 4235 962 4298 nisi
996 4237 1074 4320 quid
1105 4236 1308 4319 providisset,
