2940 4710
229 362 249 425 2
659 357 863 413 MILTIADES.

229 521 262 583 in
292 543 329 583 ea
359 543 392 583 re
422 521 592 603 prudentia
623 543 719 604 quam
754 521 908 584 felicitate
939 521 1068 584 adiutus
1100 526 1156 584 est.
1209 522 1294 586 Nam

229 649 301 690 cum
326 628 444 690 virtute
463 627 604 690 militum
625 627 795 692 devicisset
812 628 955 691 hostium
974 629 1146 710 exercitus,
1170 651 1295 692 summa

229 734 390 816 aequitate
420 755 470 796 res
501 734 669 796 constituit
703 739 800 819 atque
835 735 902 817 ipse
936 733 1056 797 ibidem
1086 758 1213 798 manere
1245 737 1293 799 de·

229 840 336 902 crevit.
384 839 464 902 Erat
488 840 573 902 enim
601 841 686 903 inter
712 863 767 904 eos
791 841 947 926 dignitate
970 841 1071 926 regia,
1101 863 1294 924 quamquam

229 948 357 1010 carebat
385 947 533 1029 nomine,
561 969 664 1029 neque
692 947 725 1010 id
752 949 856 1032 magis
885 948 1020 1030 imperio
1049 970 1144 1030 quam
1173 949 1330 1012 iustitiae

229 1059 417 1116 consecutus
436 1057 491 1116 est.
529 1051 643 1136 Neque
667 1076 703 1117 eo
724 1055 830 1117 minus
849 1053 1115 1136 Atheniensibus,
1140 1057 1294 1138 aquibus

228 1164 296 1223 erat
326 1161 500 1243 profectus,
534 1159 641 1223 officia
670 1160 863 1242 praestabat.
918 1159 1041 1236 Quibus
1065 1162 1163 1224 rebus
1187 1162 1294 1244 fiebat,

229 1272 265 1330 ut
298 1289 363 1330 non
396 1268 502 1330 minus
537 1288 664 1329 eorum
697 1267 863 1330 voluntate
898 1271 1090 1350 perpetuum
1123 1268 1293 1350 imperium

229 1375 402 1455 obtineret,
426 1374 482 1456 qui
506 1375 673 1455 miserant,
698 1396 794 1456 quam
814 1373 986 1456 illorum,
1011 1374 1202 1456 quibuscum
1226 1379 1294 1437 erat

228 1481 399 1562 profectus
1305 1505 1331 1542 m

11 1611 219 1659 periungerenn-
316 1585 349 1653 2.
370 1586 604 1651 Chersonesum
623 1587 681 1650 tali
701 1587 796 1650 modo
812 1586 1021 1649 constitutam
1035 1592 1151 1670 patruo
1166 1592 1293 1650 mortuo
1304 1603 1358 1658 525

11 1672 219 1774 {fflsslfflll
227 1693 368 1775 primum
394 1692 593 1777 Stesagoras,
622 1692 779 1756 Miltiadis
802 1694 915 1774 frater,
945 1693 1056 1756 deinde
1085 1694 1153 1776 ipse
1177 1693 1294 1756 Miltia-

88 1809 138 1836 Μ·
228 1800 282 1863 des
306 1800 435 1882 accepit.
481 1797 513 1862 Is
535 1799 693 1862 Lemnum
716 1800 851 1862 insulam
874 1799 937 1863 hoo
959 1800 1055 1863 modo
1079 1801 1171 1883 cepit.
1214 1800 1357 1871 Cun1518

229 1894 389 1990 quondam
418 1907 458 1968 ad
486 1907 633 1969 insulam
652 1907 835 1970 accessisset
863 1911 895 1969 et
923 1907 1045 1969 incolas
1073 1908 1132 1970 sub
1156 1911 1294 1990 potesta-

228 2017 294 2076 tem
322 2013 465 2098 redigere
493 2014 590 2077 vellet
613 2012 873 2096 Atheniensium,
901 2013 951 2076 illi
974 2013 1144 2076 irridentes
1167 2035 1331 2096 respon-15

230 2119 344 2182 derunt
373 2125 447 2184 tum
469 2121 504 2185 id
519 2141 551 2186 se
566 2121 716 2204 facturos,
736 2142 814 2185 eum
832 2121 884 2185 ille
897 2122 985 2185 domo
998 2121 1133 2184 nauibus
1143 2121 1295 2202 prefectus

228 2233 332 2290 rento
359 2228 534 2309 aquilone
556 2227 709 2291 Lemnum
736 2229 872 2292 uenisset.
918 2226 981 2290 Hic
1010 2228 1094 2290 enim
1119 2231 1230 2290 ventus
1255 2227 1294 2289 ab

228 2334 500 2415 septentrionibus
537 2333 642 2396 oriens
680 2334 847 2396 adversum
884 2337 972 2395 tenet
1000 2331 1137 2395 Athenis
1169 2333 1294 2414 profici-

228 2424 398 2502 scentibus.
431 2439 595 2502 Miltiades
614 2440 761 2502 morandi
784 2443 911 2522 tempus
935 2461 999 2501 non
1022 2438 1143 2501 habens
1167 2460 1294 2500 cursum

229 2547 358 2628 direxit,
382 2568 445 2628 quo
470 2547 634 2629 tendebat,
657 2546 865 2629 pervenitque
890 2544 1133 2608 Chersonesum.
1179 2544 1295 2608 Postea
1305 2570 1330 2607 ao

228 2675 302 2715 vero
321 2652 478 2716 Lemnum
497 2675 643 2716 reversus
667 2656 818 2735 expecto
842 2653 1032 2736 postulavit,
1055 2657 1090 2716 ut
1110 2652 1170 2717 sibe·
1190 2652 1358 2716 urbemooo

228 2761 398 2824 traderent:
417 2781 448 2824 se
460 2761 544 2824 enim
557 2761 685 2825 domum
699 2759 916 2825 Chersonesi
929 2759 1045 2825 babere.
1079 2757 1220 2842 Pelasgi,
1240 2759 1293 2840 qui

228 2870 298 2928 tum
317 2864 474 2929 Lemnum
494 2867 689 2949 incolebant,
711 2867 773 2929 ¹etsi
795 2871 920 2949 praeter
944 2867 1128 2949 opinionem
1148 2887 1198 2927 res
1218 2865 1294 2926 ceci-

229 2973 331 3055 derat,
350 2977 458 3036 tamen
477 2974 615 3037 secunda
634 2975 764 3036 fortuna
779 2973 1033 3041 adversariorum
1048 2971 1133 3053 capti
1148 2970 1295 3032 resistere

229 3080 298 3142 ausi
321 3101 386 3142 non
410 3085 485 3143 sunt
508 3085 604 3164 atque
628 3102 667 3142 ex
690 3078 796 3141 insula
820 3078 1048 3162 demigrarunt.
1305 3103 1331 3142 25

28 3180 116 3251 nareae
130 3211 192 3250 nem
317 3182 350 3252 3.
381 3185 513 3250 Eisdem
543 3187 610 3250 fere
643 3184 842 3267 temporibus
872 3183 1042 3247 Persarum
1076 3205 1130 3245 rex
1162 3183 1295 3266 Dareus
1305 3193 1356 3276 521

11 3274 144 3375 ³⁹⁸⁰”th‘22l
166 3273 400 3375 scy'Hystaspis
428 3293 529 3376 filius,
560 3315 599 3356 ex
626 3291 706 3355 Asia
734 3291 767 3353 in
796 3290 960 3374 Europam
992 3290 1135 3354 exercitu
1162 3267 1357 3371 traiecto&

230 3398 358 3483 Scythis
382 3400 502 3462 bellum
526 3399 644 3461 inferre
669 3399 816 3461 decrevit.
862 3396 999 3461 Pontem
1022 3397 1100 3460 fecit
1125 3399 1159 3460 in
1182 3397 1293 3459 Histro
1303 3405 1357 3460 510

228 3505 374 3588 flumine,
405 3529 468 3589 qua
496 3505 603 3587 copias
631 3505 819 3568 traduceret.
866 3504 946 3567 Eius
969 3504 1091 3587 pontis,
1122 3505 1198 3566 dum
1227 3504 1294 3586 ipse

229 3613 367 3695 abesset,
392 3613 539 3676 custodes
562 3612 694 3695 reliquit
717 3612 892 3694 principes,
916 3632 997 3694 quos
1020 3632 1128 3674 secum
1147 3633 1185 3674 ex
1205 3608 1331 3675 Ioniam

229 3723 261 3782 et
298 3719 431 3783 Aeolide
469 3720 616 3802 duxerat,
659 3719 777 3802 quibus
819 3718 954 3803 singulis
995 3717 1124 3781 illarum
1166 3718 1295 3780 urbium

228 3831 383 3909 perpetua
420 3826 549 3890 dederat
586 3825 728 3909 imperia.
785 3824 838 3889 Sic
870 3825 955 3888 enim
991 3825 1139 3906 facillime
1168 3824 1296 3906 putavit

228 3954 259 3997 se
278 3933 399 3999 Graeca
422 3934 529 4016 linqua
552 3934 715 4018 loquentes,
738 3934 792 4015 qul
814 3933 929 3997 Asiam
950 3931 1127 4015 incolerent,
1149 3932 1205 3996 snb
1229 3952 1296 3995 sua

228 4045 416 4106 retenturum
425 4045 579 4125 potestate,
592 4041 622 4105 si
635 4041 768 4104 amieis
780 4040 847 4104 suls
860 4040 973 4122 oppida
987 4039 1100 4103 luenda
1113 4039 1296 4123 tradidisset,

229 4148 338 4229 qulbus
360 4168 396 4213 se
418 4167 558 4232 oppresse
581 4148 671 4213 nulla
693 4164 760 4230 spes
782 4146 893 4219 mlulr's
914 4145 1147 4226 relinqueretur.
1305 4167 1376 4229 a,
