2940 4710
18 1069 40 1110 A
54 1071 112 1110 vird
125 1071 209 1119 Kenig,

18 1383 89 1424 tund
97 1384 218 1432 Diogenes.

226 352 270 415 52
561 344 964 400 AIAEm'DER-MAGATS.

228 510 266 573 de
295 530 404 594 pugna
433 507 519 593 (pag.
543 510 597 591 50,
615 506 674 594 27)
703 531 801 592 supra
829 508 983 590 diximus,
1012 507 1105 570 alteri
1135 508 1294 572 exereitus

228 616 338 680 amni
368 638 441 679 eum
470 615 642 698 praeficere
671 636 746 678 non
775 615 977 678 dubitaret.
1022 614 1090 678 Nec
1119 637 1192 697 spes
1220 637 1293 678 eum

227 722 356 804 fefellit,
387 745 460 785 nam
484 720 666 785 Alexander
687 743 753 784 non
776 721 880 785 solum
902 721 1026 804 primus
1049 721 1082 784 in
1104 721 1214 784 hostes
1237 721 1293 784 im-

227 836 338 913 petum
369 829 458 910 fecit,
495 828 551 891 sed
580 827 678 890 etiam
709 849 833 892 sacram
864 828 1091 892 Thebanorum
1121 828 1294 910 eohortem,

227 937 363 1001 eximiae
384 934 584 999 fortitudinis
606 957 751 1017 manum,
774 935 899 998 delevit
1303 959 1317 996 a

317 1041 350 1110 4.
374 1042 455 1106 Cum
482 1040 584 1124 patris
611 1042 730 1104 mortui
757 1042 828 1106 loco
852 1064 907 1106 rex
930 1043 1035 1106 factus
1061 1046 1157 1125 esset,
1184 1041 1361 1106 suumaae

228 1152 268 1215 ab
299 1149 448 1214 omnibus
476 1146 627 1212 Graeciae
657 1147 841 1212 civitatibus
872 1149 1070 1232 impetravit,
1100 1153 1137 1212 ut
1165 1153 1198 1212 et
1226 1149 1295 1232 ipse

228 1280 372 1321 summus
391 1254 585 1318 Graecorum
604 1254 780 1336 imperator
802 1261 1020 1320 crearetur.—
1033 1255 1106 1319 Hoc
1124 1255 1295 1319 concilium

229 1363 377 1427 Corinthi
411 1361 559 1425 habitum
593 1365 649 1424 est.
701 1359 752 1424 Ibi
782 1366 852 1425 tum
888 1362 1050 1448 Diogenes
1082 1362 1295 1446 philosbphus

215 1470 411 1551 habitabat,
434 1468 489 1552 qui
511 1472 734 1551 paupertatem
753 1473 785 1531 et
808 1468 990 1533 libertatem
1013 1469 1162 1533 omnibus
1180 1469 1296 1553 opibus
1307 1495 1332 1532 10

227 1578 388 1661 praeferre
412 1575 584 1638 dicebatur.
630 1574 715 1638 Eum
738 1574 838 1659 igitur
860 1575 967 1640 videre
991 1576 1121 1659 cupiens
1143 1598 1199 1640 rex
1223 1598 1295 1639 cum

229 1683 425 1764 accessisset,
452 1681 591 1766 rogavit,
617 1686 654 1745 ut
681 1680 812 1765 diceret,
839 1682 866 1744 si
895 1682 1296 1766 quidopusesset.Tu1n

228 1790 283 1853 ille
300 1786 398 1854 ‘aune
419 1785 551 1871 qoidem’
578 1787 683 1871 inquit
701 1787 877 1870 ‘ponticlum
898 1793 1062 1856 recedus'a
1082 1788 1177 1856 sole?
1225 1788 1295 1864 Quo

229 1918 380 1980 responso
404 1899 583 1960 commotus
605 1893 788 1959 Alexander
815 1897 1041 1961 exclamavisse
1068 1895 1197 1960 dicitur:
1220 1895 1297 1961 ‘nisi

230 2006 408 2071 uomodo
429 2023 536 2087 essem,
558 2002 711 2085 Dioqenes
733 1999 936 2069 marcellam?
1306 2027 1332 2067 15

318 2111 451 2175 Postero
475 2131 558 2173 anuo
583 2109 659 2172 dum
681 2133 736 2173 rex
760 2114 872 2195 gentes
899 2111 1070 2174 nonnullas
1092 2109 1365 2174 Maeedoniaeaaa

229 2217 384 2282 finitimas
406 2217 492 2280 bello
515 2215 730 2299 persequitur,
757 2239 868 2280 rumor
890 2218 1006 2280 allatus
1029 2222 1078 2281 est
1100 2218 1141 2281 ad
1159 2215 1297 2280 Graecos

230 2349 303 2389 eum
323 2325 355 2387 in
374 2322 497 2406 proelio
517 2323 674 2386 cecidisse.
700 2321 762 2405 Spe
776 2323 877 2409 igitur
890 2323 1050 2388 libertatis
1063 2324 1297 2406 recuperandae

230 2430 393 2496 sollicitati
423 2428 593 2492 Thebani
623 2429 818 2512 praesidium
847 2431 1072 2515 Macedonum,
1102 2431 1188 2514 quod
1218 2429 1296 2494 Cad-

231 2549 334 2601 11ιὲ111
362 2558 466 2599 arcem
495 2535 674 2619 obtinebat,
703 2537 896 2620 obsident,
925 2537 1047 2600 bellum
1073 2542 1225 2621 parant,
1256 2538 1335 2600 abso

230 2643 481 2709 Atheniensibus
521 2625 677 2705 auxilium
717 2648 873 2726 petunt.
926 2643 971 2706 Hi
1013 2644 1053 2707 ab
1090 2644 1202 2707 eodem
1238 2643 1296 2707 illo
1440 2627 1443 2631 .

231 2750 446 2815 Demosthene
475 2747 560 2834 (pag.
580 2750 632 2832 50,
655 2748 713 2836 25)
742 2749 893 2815 concitati
921 2773 1010 2814 arma
1037 2750 1208 2834 cepissent,
1234 2749 1296 2813 nisi

231 2857 413 2922 Alexander
431 2857 567 2920 adducto
582 2856 745 2920 celerrime
765 2858 906 2922 exercitu
922 2856 1060 2922 Graecos
1079 2856 1296 2941 oppressisset.

231 2964 389 3047 Thebani,
417 2963 472 3047 qui
496 2963 556 3026 soli
580 2963 608 3026 ei
636 2963 783 3026 resistere
811 2965 983 3047 audebant,
1013 2963 1106 3028 facile
1132 2963 1297 3049 profligati

232 3076 319 3156 sunt,
338 3071 416 3135 urbe
436 3074 529 3152 capta
546 3068 729 3132 Alexander
747 3071 785 3133 de
804 3070 917 3134 incolis
935 3070 1160 3156 gravissimum
1179 3070 1297 3154 suppli·
1307 3094 1336 3134 aa

232 3178 316 3242 cium
331 3176 480 3260 sumpsit,
500 3198 610 3240 omnes
629 3175 663 3238 iu
681 3175 868 3240 servitutem
883 3177 1012 3241 abducti
1026 3182 1114 3262 sunt,
1132 3178 1209 3241 urbs
1228 3177 1298 3260 ipsa

231 3288 358 3368 praeter
372 3283 493 3367 templa
507 3284 639 3346 deorum
654 3287 686 3346 et
700 3283 831 3347 domum
845 3283 976 3347 Pindari
994 3288 1107 3366 po‘e'tae
1122 3284 1227 3348 deleta
1240 3288 1296 3347 est.

233 3391 302 3467 Qua
324 3413 358 3454 re
381 3390 543 3474 perterriti
566 3389 682 3473 reliqui
707 3388 818 3454 Graeci
846 3391 880 3454 in
902 3391 999 3455 fidem
1026 3390 1111 3476 regis
1133 3394 1297 3454 venenmt.

320 3496 354 3565 5.
370 3496 503 3562 Graecia
515 3501 629 3580 pacata
642 3497 764 3561 bellum
776 3497 858 3561 illud
872 3521 890 3560 a
903 3497 1054 3580 Philippo
1072 3501 1298 3581 praeparatum
1416 3523 1419 3529 ·

233 3603 318 3691 (pag.
334 3605 386 3688 50,
401 3603 458 3691 30)
481 3604 586 3668 Persis
607 3603 724 3668 inferre
743 3604 919 3668 constituit.
950 3603 1066 3688 Copias
1089 3604 1190 3690 igitur
1208 3604 1366 3670 uadi-834

233 3734 295 3796 que
331 3715 510 3776 contractas
542 3710 789 3794 Hellespontum
826 3711 964 3796 traiecit,
1000 3709 1150 3775 habuisse
1190 3715 1297 3775 autem
1307 3733 1333 3772 11

233 3840 340 3882 seeum
364 3817 502 3882 traditur
524 3817 669 3900 peditum
692 3817 782 3880 milia
805 3817 952 3903 triginta,
979 3817 1120 3901 quinque
1144 3817 1297 3902 equitum.

234 3925 341 3989 Classe
369 3925 409 3988 ad
435 3924 512 3989 litus
535 3924 631 3988 Asiae
658 3925 792 4008 appulsa
813 3922 996 3988 Alexander
1016 3923 1140 4008 primus
1163 3925 1201 3988 de
1224 3920 1308 3988 navi*

232 4032 383 4116 prosiluit
406 4032 599 4096 exclamans:
625 4025 738 4097 ‘Teneo
761 4036 800 4122 te,
823 4034 918 4116 Asia,
945 4052 1035 4117 quae,
1060 4033 1089 4097 si
1113 4033 1162 4096 dis
1184 4032 1296 4116 placet,

234 4141 315 4206 brevi
337 4161 405 4206 meu
426 4135 506 4206 eria'
1308 4157 1339 4199 aa
