2940 4710
240 365 282 427 gg
672 356 869 412 TIMOLEON.

31 547 213 586 1111111111-
329 521 401 584 Hoc
422 521 712 603 praeclarissimum
735 522 803 584 eius
821 522 942 584 factum
963 544 1028 585 non
1051 523 1121 604 pari
1144 523 1238 586 modo
1263 524 1304 587 ab

24 611 231 712 ffifflcssssm
241 629 390 692 omnibus
421 627 594 711 probatum
627 633 701 692 est.'
735 627 893 692 Nonnulli
925 630 1010 693 enim
1042 629 1160 692 laesam
1193 631 1233 694 ab
1266 653 1304 693 eo

239 736 392 818 pietatem
421 735 580 819 putabant
603 740 635 798 et
660 735 780 798 invidia
803 735 929 799 laudem
952 736 1083 799 virtutis
1106 736 1304 799 obterebant.

240 840 344 904 Mater
367 863 442 905 vero
465 847 539 925 post
562 843 595 905 id
617 843 738 906 factum
771 864 890 925 neque
923 843 1053 905 domum
1078 843 1118 905 ad
1145 865 1178 906 se
1200 843 1304 906 filium

240 948 370 1011 admisit
389 971 509 1032 neque
528 950 665 1032 aspexit,
687 950 778 1033 quin
797 971 870 1012 cum
888 948 1086 1012 fratricidam
1105 950 1304 1035 impiumque
1328 973 1343 1012 1

240 1055 402 1118 detestans
425 1056 639 1138 compellaret.
686 1055 808 1131 Quibus
831 1055 927 1119 rebus
949 1055 1004 1119 ille
1030 1056 1121 1120 adeo
1150 1061 1199 1120 est
1221 1078 1303 1121 com-

240 1165 360 1245 111111,
390 1167 427 1225 ut
456 1184 697 1246 nonnumquam
720 1163 805 1226 vitae
835 1162 932 1225 finem
962 1162 1065 1227 facere
1088 1163 1186 1227 vellet
1209 1168 1304 1248 atque

240 1291 279 1332 ex
302 1269 503 1353 ingratorum
526 1270 694 1333 hominum
719 1273 890 1352 conspectu
913 1273 1016 1332 morte
1040 1269 1197 1333 decedere.

329 1373 361 1441 2.
398 1373 532 1438 hilerim
572 1375 677 1439 Dione
719 1375 885 1459 Syracusis
925 1376 1093 1440 interfecto
1130 1376 1371 1460 Dionysiussstb

55 1465 211 1566 ‘⁰”,⁸J¹¹⁸J¹¹⁸
240 1503 350 1544 rursus
374 1480 540 1564 Syracusis
571 1482 694 1565 potitus
727 1487 783 1546 est.
830 1481 928 1546 Cuius
960 1483 1132 1547 adversarii
1164 1505 1257 1567 opem
1287 1490 1371 1546 aere

241 1587 417 1651 Corinthiis
446 1588 609 1671 petierunt
632 1589 820 1672 ducemque,
853 1611 917 1673 quo
949 1589 982 1652 in
1012 1589 1098 1652 bello
1130 1594 1305 1674 uterentur,
1316 1615 1341 1652 11

239 1695 491 1778 postulaverunt.
544 1695 711 1759 Timoleon
739 1717 776 1759 co
804 1695 920 1759 missus
946 1695 1127 1760 incredibili
1151 1697 1305 1761 felicitate

240 1801 432 1885 Dionysium
464 1806 534 1865 tota
567 1801 676 1865 Sicilia
708 1803 838 1886 depulit.
888 1801 989 1877 Quem
1022 1824 1094 1866 cum
1126 1803 1372 1868 interficere344

239 1913 361 1991 posset,
394 1908 511 1990 noluit,
543 1913 677 1991 tutoque
701 1913 738 1971 ut
761 1907 951 1972 Corinthum
975 1909 1169 1993 perveniret,
1191 1910 1304 1974 effecit.

241 2015 334 2090 Quod
366 2015 451 2079 enim
483 2015 650 2099 utriusque
682 2015 830 2099 Dionysii
863 2015 978 2098 opibus
1011 2015 1171 2080 Corinthii
1203 2017 1305 2081 adiuti
1316 2041 1342 2080 11

240 2123 380 2206 fuerant,
399 2122 467 2186 eius
480 2122 690 2207 benignitatis
708 2122 896 2186 memoriam
915 2126 1039 2185 exstare
1054 2123 1191 2207 volebat,
1210 2147 1304 2187 eam-

241 2252 312 2312 que
343 2230 539 2312 praeclaram
573 2228 739 2292 victoriam
773 2229 921 2312 ducebat,
953 2229 992 2292 in
1024 2252 1096 2313 qua
1126 2230 1200 2313 plus
1223 2235 1306 2294 esset

241 2335 427 2399 elementiae
459 2358 555 2418 quam
588 2335 793 2399 crudelitatis
849 2335 953 2400 Simul
985 2337 1131 2420 optabat,
1168 2341 1204 2401 ut
1240 2359 1306 2400 non

241 2443 344 2506 solum
369 2442 525 2505 auribus
548 2442 752 2526 acciperetur,
775 2443 945 2506 sedetiam
969 2444 1092 2507 oculis
1115 2447 1305 2527 cerneretur,

242 2571 336 2633 quem
359 2572 399 2612 ex
422 2553 543 2632 quanto
566 2571 665 2634 regno
689 2550 729 2612 ad
753 2572 848 2633 quam
871 2550 1035 2613 fortunam
1059 2549 1231 2614 deiecisset.
1315 2575 1343 2614 so

64 2675 88 2714 r.
102 2674 192 2723 nesea
329 2655 407 2719 Post
439 2655 587 2740 Dionysii
620 2657 782 2720 decessum
816 2678 888 2720 cum
920 2656 1036 2720 Hiceta
1066 2656 1211 2739 bellavit,
1249 2657 1305 2740 qui

71 2737 175 2776 ΕΜ
241 2763 426 2827 adversatus
449 2767 517 2827 erat
541 2763 705 2846 Dionysio
752 2763 836 2827 Eum
860 2786 926 2827 non
951 2763 1037 2827 odio
1061 2763 1240 2847 tyrannidis
1263 2764 1304 2827 ab

240 2870 302 2934 hoc
325 2870 522 2954 dissensisse,
545 2871 601 2934 sed
624 2871 850 2954 eupiditate,
880 2871 999 2935 indicio
1022 2870 1098 2953 fuit,
1128 2871 1215 2954 quod
1236 2869 1304 2953 ipse

241 2977 373 3060 expulso
410 2977 566 3060 Dionysio
603 2978 773 3060 imperium
811 2977 972 3041 dimittere
1008 2977 1120 3041 noluit.
1153 3015 1197 3022 -
1234 2975 1343 3052 Quom

37 3101 217 3151 1111113111
241 3088 390 3166 superato
405 3083 572 3147 Timoleon
590 3083 746 3146 maximas
765 3083 872 3166 copias
889 3082 1201 3168 Carthaginiensium
1220 3083 1371 3167 apudttb

27 3164 218 3267 Kfflffffl
242 3189 430 3252 Crimissum
466 3190 586 3253 flumen
622 3190 747 3275 fugavit
784 3211 820 3253 ao
856 3190 933 3254 satis
968 3190 1086 3254 habere
1123 3190 1241 3276 coegit,
1276 3189 1305 3253 si

240 3297 351 3360 liceret
374 3319 443 3360 eam
466 3301 591 3380 partem
611 3296 737 3362 Siciliae
757 3296 914 3380 obtinere,
938 3321 1034 3381 quam
1055 3297 1119 3360 iam
1143 3297 1197 3360 diu
1220 3302 1304 3360 tene-

240 3404 327 3467 bant.
365 3402 458 3487 Cepit
476 3403 573 3468 etiam
592 3403 801 3488 Mamercum,
825 3403 974 3468 Italicum
994 3405 1119 3488 ducem,
1141 3404 1372 3468 hominemtttb

240 3510 429 3574 bellicosum
459 3515 491 3574 et
513 3515 691 3594 potentem,
722 3510 777 3594 qui
808 3512 848 3574 ad
877 3516 1030 3594 tyrannos
1054 3510 1248 3575 adiuvandos
1271 3511 1305 3574 in

242 3617 384 3681 Siciliam
408 3622 539 3681 venerat
563 3615 782 3701 Cat‘anamque
806 3622 1024 3700 occupaverat.
1314 3642 1343 3681 co

50 3751 147 3791 11111
161 3751 199 3790 aa
326 3721 362 3791 8.
388 3725 511 3800 Quibus
529 3724 625 3788 rebus
643 3724 796 3788 confectis
820 3745 892 3787 cum
910 3729 1042 3807 propter
1061 3723 1305 3788 diuturnitatem

28 3810 221 3864 ffi⁰⁸³⁸⁰¹¹³d⁰²
240 3831 317 3894 belli
336 3853 400 3894 non
419 3831 523 3894 solum
543 3851 670 3915 agros,
694 3830 863 3895 sedetiam
883 3831 995 3894 urbes
1015 3831 1155 3894 desertas
1173 3830 1305 3913 videret,

239 3939 403 4023 primum
438 3936 575 4020 Siculos,
613 3959 693 4020 quos
724 3937 845 4020 potuit,
882 3936 1132 4020 conquisivit,
1170 3937 1304 4001 deinde

240 4045 396 4109 Corintho
420 4043 624 4108 arcessivit
647 4044 790 4127 colonos,
819 4044 905 4127 quod
927 4043 967 4106 ab
991 4042 1031 4106 iis
1054 4042 1146 4107 initio
1171 4042 1342 4127 Syracu-u
1366 4067 1369 4072 ·

240 4175 292 4215 sae
315 4156 406 4215 erant
430 4151 584 4215 conditae.
621 4150 794 4214 Veteribus
817 4150 940 4214 civibus
959 4171 1017 4213 sua
1035 4149 1189 4234 restituit,
1213 4150 1372 4215 novisrcr
