2940 4710
227 350 269 412 58
559 344 784 398 rauranum
802 343 963 400 uranos.

227 531 301 571 nam
321 508 435 571 Persae
458 508 566 591 veriti,
590 530 629 571 ne
649 507 803 592 Aegyptii
828 510 867 571 ad
886 507 1105 573 Alexandrum
1126 509 1297 572 deficerent

227 620 323 698 atque
344 615 377 678 in
396 615 483 698 ipsos
503 638 591 678 arma
609 618 783 698 verterent,
808 616 980 678 adventum
992 615 1067 678 eius
1086 638 1151 679 non
1170 638 1295 699 exspec-

227 727 380 786 taverant.

18 869 31 895 i.
48 855 144 894 besuus
162 855 218 902 nup·
316 829 425 892 Rebus
445 829 478 891 in
496 827 646 912 Aegypto
671 829 855 891 constitutis
878 828 936 912 ita,
961 833 997 892 ut
1020 829 1102 891 nihil
1125 851 1164 892 ex
1182 829 1296 911 patriis

18 918 74 965 βίω
87 918 208 957 flamm
227 935 370 1000 moribus
390 940 485 1018 atque
504 935 663 998 institutis
682 934 749 998 eius
768 935 908 998 nationis
926 939 1114 1018 mutaretur,
1133 934 1319 998 Alexan-5

227 1044 294 1107 der
331 1042 496 1106 oraculum
532 1040 618 1104 Iovis
655 1041 846 1104 Hammonis
884 1041 970 1104 adire
1011 1042 1166 1125 statuit,
1206 1042 1296 1106 cuius

227 1149 401 1214 auctoritas
433 1170 469 1211 ac
501 1149 580 1211 fides
607 1170 664 1230 per
691 1153 795 1212 totam
818 1148 929 1212 Asiam
958 1148 1099 1211 maxima
1123 1153 1199 1214 erat.
1246 1148 1295 1214 Eo

226 1256 287 1320 iter
310 1255 572 1319 molestissimum
595 1277 652 1338 per
676 1276 806 1338 campos
830 1255 894 1318 alta
914 1267 1009 1318 arena
1029 1255 1162 1319 cbrirtos
1181 1255 1296 1319 facien-

227 1364 302 1426 dum
318 1366 401 1446 erat,
421 1362 530 1425 nulla
549 1363 657 1444 arbor,
677 1361 826 1425 nullum
846 1361 924 1426 culti
941 1363 1010 1446 agri
1025 1363 1198 1447 vestigium
1212 1361 1296 1426 vide-

226 1471 335 1553 batur,
359 1492 544 1552 nusquam
568 1470 640 1532 fons
664 1468 715 1533 vel
738 1468 833 1531 rivus.
881 1468 962 1532 Cum
983 1473 1136 1551 quattuor
1155 1469 1221 1532 dies
1240 1493 1296 1553 per
1309 1493 1333 1532 ιο

226 1581 350 1640 vastam
370 1575 577 1639 solitudinem
595 1580 708 1658 issent,
727 1576 857 1639 tandem
876 1576 916 1639 ad
935 1576 1042 1638 sedem
1062 1577 1119 1639 deo
1139 1580 1297 1667 sacratam

226 1686 447 1767 pervenerunt.
473 1719 514 1728 -
538 1680 570 1744 Is
599 1681 689 1746 locus
719 1686 767 1745 est
796 1683 937 1765 undique
968 1681 1137 1746 arboribus
1165 1682 1296 1745 circum·

228 1792 321 1854 datus
344 1789 502 1870 multique
526 1789 632 1851 fontes
651 1788 747 1851 silvas
767 1789 865 1853 alunt.
904 1788 986 1852 Cum
1005 1811 1061 1852 rex
1081 1789 1121 1853 ad
1139 1789 1297 1872 templum

227 1897 402 1979 accederet,
426 1895 585 1958 maximus
610 1900 687 1959 natu
712 1918 728 1958 e
752 1895 970 1968 sacerdotibus
994 1919 1066 1959 eum
1085 1894 1171 1959 Iovis
1192 1895 1296 1958 filiurn

228 2003 409 2089 appellavit.
455 2000 514 2065 Ille
545 2025 578 2065 se
602 2003 635 2065 id
664 2025 780 2066 nomen
809 2004 951 2086 accipere
976 2004 1071 2085 dixit,
1101 2025 1231 2086 sperans
1259 2024 1296 2066 eo
1308 2027 1333 2067 15

227 2111 355 2176 nomine
380 2110 604 2173 auctoritatem
627 2132 718 2172 suam
741 2111 825 2173 inter
848 2110 1002 2173 barbaros
1026 2109 1180 2172 maiorem
1199 2108 1297 2172 etiam

227 2242 324 2302 quam
348 2222 441 2280 antea
463 2217 541 2280 fore.
586 2215 804 2302 interroganti
824 2217 949 2300 deinde,
973 2239 1051 2280 num
1069 2215 1216 2300 luppiter
1234 2216 1297 2279 sibi

127 2390 133 2399 „
227 2327 294 2389 filio
318 2328 419 2388 totius
444 2323 531 2386 orbis
555 2326 713 2386 terrarum
737 2324 907 2406 imperium
937 2324 1123 2406 destinaret,
1151 2324 1297 2387 sacerdos

228 2456 301 2497 eum
325 2430 468 2495 omnium
492 2434 651 2494 terrarum
675 2430 840 2494 dominnm
862 2432 931 2494 fore
954 2431 1127 2514 respondit.

18 2564 148 2604 uexandus
161 2564 219 2602 wau
316 2535 371 2606 13.
391 2536 469 2600 Inde
484 2558 556 2600 cum
571 2537 713 2620 redisset,
732 2536 915 2601 Alexander
928 2539 962 2600 in
976 2538 1127 2622 Aegypto
1142 2559 1241 2622 prope
1257 2537 1297 2600 ad
1307 2562 1334 2602 ac

45 2627 180 2676 “mel
228 2667 315 2709 mare
333 2642 563 2706 Alexandriam
582 2644 695 2707 urbem
714 2643 857 2707 condidit
876 2649 971 2728 atque
990 2668 1029 2708 ex
1048 2645 1127 2708 locis
1150 2643 1297 2708 finitimis

227 2752 374 2816 homines
397 2771 434 2813 eo
459 2751 670 2835 commigrare
694 2750 796 2814 iussit.
833 2749 883 2815 Ita
907 2773 990 2815 nova
1012 2752 1089 2815 urbs
1108 2752 1198 2815 brevi
1217 2756 1296 2814 tem-

226 2881 303 2942 pore
318 2879 435 2942 magna
448 2857 617 2921 hominum
631 2857 839 2921 multitudine
855 2859 1013 2942 completa
1032 2862 1088 2922 est.
1125 2858 1297 2943 Delegerat

228 2971 335 3029 autem
353 2965 460 3028 locum
480 2969 547 3027 tam
566 2964 730 3047 idoneum,
749 2969 785 3027 ut
804 2967 881 3029 urbs
899 2965 996 3048 paulo
1015 2970 1090 3048 post
1108 2987 1173 3029 non
1192 2964 1298 3028 solum

229 3071 418 3136 commercio
443 3076 539 3154 atque
564 3071 740 3154 opulentia,
771 3074 827 3134 sed
850 3072 947 3135 etiam
971 3073 1094 3137 artibus
1116 3071 1298 3154 litterisque
1308 3099 1334 3138 as

228 3181 262 3243 in
286 3178 352 3241 dies
376 3177 479 3261 magis
502 3177 631 3241 floreret
655 3182 686 3241 et
710 3178 821 3264 regina
843 3179 973 3242 urbium
997 3180 1220 3262 appellaretur.

18 3312 116 3352 auen
133 3312 168 3351 aa
189 3323 219 3350 an
317 3285 476 3348 Phoenice
506 3284 607 3370 igitur
636 3289 668 3348 et
691 3285 840 3371 Aegypto
870 3287 1032 3370 occupatis
1059 3285 1241 3350 Alexander
1263 3283 1298 3346 in

41 3375 87 3415 ‘¹⁰¹²
100 3374 183 3425 Tim
229 3392 339 3458 Asiam
372 3391 480 3475 rediit,
517 3397 554 3456 ut
586 3392 741 3456 exercitui
777 3393 960 3476 Persarum,
998 3416 1092 3476 quem
1125 3392 1249 3456 Dareus
1279 3415 1299 3455 a

228 3501 394 3584 Babylone
427 3504 539 3563 contra
571 3522 643 3562 eum
674 3500 707 3562 in
738 3501 838 3564 aciem
868 3501 1077 3584 producebat,
1108 3504 1297 3564 occurreret.

228 3606 260 3670 is
293 3606 425 3670 dimidio
458 3606 561 3669 maior
593 3611 674 3688 erat,
713 3629 809 3690 quam
841 3608 875 3670 in
909 3607 1021 3670 Cilicia
1052 3608 1171 3692 fuerat,
1208 3628 1334 3690 prae-ec

228 3718 314 3777 terea
351 3713 474 3776 Dareus
516 3713 661 3776 ducentis
701 3713 827 3777 falcatis
864 3713 1010 3777 curribus
1047 3719 1079 3778 et
1115 3713 1298 3797 quindecim

229 3820 419 3903 elephantie,
444 3842 524 3904 quos
548 3819 581 3882 in
605 3820 746 3884 exercitu
768 3821 921 3904 habebat,
944 3821 1083 3884 multum
1108 3821 1297 3885 confidebat.

228 3927 319 4012 Tigri
360 3926 494 3990 traiecto
536 3927 570 3990 in
611 3926 718 3991 vicum
754 3926 875 3991 Arbela
915 3929 1070 4011 pervenit.
1130 3926 1298 4011 Oportuna

229 4057 265 4098 ea
295 4035 383 4118 regio
414 4039 483 4097 erat
510 4035 550 4096 ad
579 4035 698 4117 copias
713 4034 929 4118 explicandas
958 4039 1048 4098 vasta
1071 4035 1234 4118 planities,
1258 4034 1298 4096 ad

229 4145 375 4226 equestre
420 4140 579 4223 proelium
626 4141 800 4224 aptissima.
847 4180 889 4187 -
935 4140 1070 4205 Interim
1116 4141 1298 4206 Alexander
1307 4163 1334 4204 as
