2940 4710
523 359 746 413 ALEXANDER
764 358 924 414 MAGNUS.
1194 364 1236 428 51

174 524 241 586 suis
279 522 438 586 militibus
479 545 558 586 esse
603 527 764 606 captam,
811 521 940 606 Illyrios
976 544 1093 607 magna
1128 544 1238 608 pugna

175 630 305 713 pulsos
328 652 409 712 esse,
428 627 596 712 Olympiae
615 629 779 713 quadrigis
798 651 872 692 eum
895 630 1041 694 vicisse.
1071 629 1158 705 Quae
1181 630 1238 695 ubi

175 737 365 800 audiverunt
403 740 505 819 natea,
545 737 796 819 pronuntiarunt
822 738 969 821 puerum,
1005 738 1060 820 qui
1088 737 1168 802 inter
1197 741 1240 802 tot

174 845 319 909 victorias
341 847 433 908 uatus
454 849 539 928 esset,
563 844 709 908 inuictum
729 842 882 923 futuram.

151 968 165 1008 a
263 950 433 1034 Philippus
456 972 544 1033 vem,
572 955 609 1014 ut
631 949 681 1014 sui
704 950 842 1014 similem
865 949 968 1013 filium
992 949 1137 1033 haberet,
1165 973 1238 1014 eum
1258 978 1298 1016 11
1312 977 1450 1027 arseium.

175 1058 295 1140 optime
318 1057 516 1120 educandum
540 1057 671 1120 curavit.
708 1057 900 1142 Magistrum
920 1055 1102 1120 Alexander
1120 1057 1239 1122 habuit

174 1163 396 1247 Aristotelem,
429 1164 535 1228 virum
570 1163 625 1226 illa
661 1167 764 1227 aetate
795 1164 1027 1247 doctissimum,
1060 1187 1078 1227 a
1111 1187 1174 1248 quo
1207 1169 1239 1228 et

175 1271 312 1356 agendi
343 1270 455 1334 didicit
489 1274 659 1353 praecepta
693 1274 725 1333 et
760 1274 861 1333 artem
892 1271 1056 1353 dicendi,
1086 1275 1243 1355 tantaque

175 1376 385 1440 admiratione
398 1380 567 1459 poetarum
581 1381 733 1460 veterum,
751 1376 785 1439 in
803 1376 916 1460 primis
930 1376 1072 1460 Homeri,
1095 1377 1239 1441 imbutus

140 1502 166 1540 1⁰
175 1488 236 1566 est,
269 1488 305 1546 ut
338 1482 405 1546 eius
434 1481 575 1546 carmina
603 1487 758 1566 perpetuo
789 1504 896 1546 secum
925 1483 1075 1547 habuisse
1107 1484 1251 1548 dicatur.-

174 1588 286 1675 Itaque
305 1588 465 1653 Achillem
483 1589 686 1673 potissimum
709 1589 771 1653 sibi
789 1589 980 1653 imitandum
1003 1591 1183 1675 proposuit,
1207 1596 1239 1656 et

175 1697 311 1760 eumad
338 1697 499 1760 tumulum
523 1696 590 1760 eius
618 1695 651 1758 in
676 1695 771 1781 Sigeo
794 1697 1017 1780 promuntorio
1041 1703 1239 1762 exstructum

175 1803 363 1887 adstitisset,
406 1802 527 1888 gloriae
570 1802 638 1866 eius
681 1801 826 1867 invidens
856 1800 896 1868 ‘0
925 1799 1094 1885 fortunate’
1133 1805 1239 1890 inquit

167 1906 367 1996 ‘adulescens
381 1911 436 1994 poi
450 1915 519 1975 tuoe
531 1910 654 1974 1111111111
662 1930 843 1991 praeconem
852 1911 1051 1976 Homerum
1069 1909 1237 1979 inueneris?

138 2035 165 2074 1⁶
262 2013 295 2083 3.
310 2017 379 2082 Nec
398 2003 521 2081 minore
541 2037 618 2079 cura
637 2037 773 2098 corpus
792 2015 1003 2080 adulescentis
1023 2020 1237 2084 exercebatur.
1265 2044 1332 2084 sene
1345 2044 1439 2092 kerper-

174 2125 224 2187 1111
248 2147 311 2208 quo
340 2128 446 2187 tantas
468 2123 551 2187 vires
575 2121 709 2206 accepit,
733 2144 753 2185 u
795 2127 907 2205 postea
935 2144 1007 2186 cum
1031 2125 1238 2190 velocissimis
1256 2106 1450 2208 ᾗξῖξξοζζξῃῗζξ

174 2230 331 2293 militibus
355 2251 448 2292 cursu
472 2232 608 2292 certaret
627 2251 800 2313 omnesque
822 2229 888 2292 fere
911 2229 1065 2313 patientia
1090 2231 1238 2295 laborum
1319 2231 1388 2280 ‘¹¹¹³ss-

173 2336 380 2399 antecederet.
427 2335 553 2411 Quanto
586 2340 693 2399 autem
725 2336 848 2400 animo
880 2336 944 2399 iam
977 2341 1047 2400 tum
1077 2342 1172 2421 esset,
1204 2337 1238 2401 in

174 2442 331 2506 domando
367 2465 448 2526 equo
483 2442 666 2526 Bucephala
702 2443 848 2507 ostendit.
900 2443 1001 2519 Quem
1036 2466 1108 2507 cum
1143 2467 1236 2508 nemo

136 2568 164 2606 1ο
173 2548 384 2612 Macedonum
414 2549 572 2613 moderari
601 2554 722 2633 posset,
752 2549 934 2614 Alexander
963 2550 1009 2614 ita
1041 2551 1168 2634 statuit,
1200 2557 1237 2615 ut

174 2655 321 2718 umbram
351 2678 441 2718 suam
471 2656 652 2738 conspicere
682 2678 747 2720 non
773 2661 894 2742 posset3
925 2657 1038 2721 deinde
1068 2658 1175 2722 subito
1205 2658 1239 2722 in

172 2783 247 2824 eum
270 2761 394 2829 insiluit
416 2783 552 2845 eumque
575 2761 709 2845 imperio
734 2785 791 2826 suo
814 2775 925 2846 parere
949 2764 1061 2848 coegit.
1103 2765 1238 2828 Descen-

172 2869 301 2932 dentem
331 2891 369 2931 ex
400 2889 482 2950 equo
516 2867 619 2931 filium
648 2872 740 2952 pater
775 2891 847 2932 cum
879 2869 1020 2933 lacrimis
1054 2871 1238 2954 complexus

168 2972 306 3041 ‘Maius'
343 2974 460 3058 inquit,
496 2972 556 3040 ‘mi
586 2976 647 3060 fili,
675 2977 840 3058 imperium
867 2977 922 3041 11111
950 2997 1061 3060 quaere
1074 2977 1087 3037 !
1134 2979 1236 3043 Mace-

136 3082 267 3146 1111011111
290 3087 317 3146 te
338 3103 400 3146 111111
423 3081 519 3168 cupit?
544 3120 585 3127 —
606 3079 644 3144 ln
672 3104 706 3145 re
729 3081 843 3146 bellica
870 3082 940 3167 ipso
968 3087 1059 3167 patre
1086 3105 1162 3147 usus
1190 3088 1238 3148 est

174 3186 340 3272 magistro,
360 3211 468 3272 quem,
488 3211 560 3252 cum
579 3189 780 3271 adolevisset,
800 3189 833 3252 in
851 3190 962 3254 multis
981 3190 1237 3274 expeditionibus

172 3293 394 3358 comitabatur.
444 3293 482 3359 ln
511 3295 627 3379 quibus
655 3317 735 3359 cum
763 3295 838 3359 alia
864 3297 1064 3360 fortitudinis
1092 3299 1238 3382 exempla

172 3400 314 3484 prodidit
337 3406 415 3465 tum
441 3401 527 3465 hoc:
555 3401 584 3465 A
608 3402 832 3466 mercennariis
863 3404 1024 3486 quondam
1048 3404 1236 3469 seditionem

172 3507 364 3571 facientibus
386 3507 555 3592 Philippus
579 3532 635 3572 rex
659 3508 705 3572 ita
727 3509 913 3573 vulneratus
936 3514 1017 3592 erat,
1048 3514 1084 3574 ut
1108 3534 1141 3574 se
1168 3511 1236 3595 ipse

135 3635 163 3674 ao
173 3615 339 3678 defendere
363 3637 427 3678 non
449 3620 564 3698 posset.
606 3615 689 3678 Tum
707 3614 889 3679 Alexander
910 3617 1111 3700 procucurrit
1133 3617 1236 3682 humi-

173 3744 234 3805 que
269 3721 424 3785 iacentem
463 3722 564 3806 clipeo
597 3726 769 3807 protegens
804 3722 944 3786 militum
982 3724 1237 3808 aggredientium

173 3827 253 3891 alios
277 3827 407 3912 occidit,
432 3828 511 3892 alios
534 3828 683 3912 reppulit.
1401 3896 1404 3900 Α

260 3934 356 3999 Patre
380 3935 476 3998 etiam
499 3939 652 4021 regnante
674 3934 761 3998 filius
779 3935 931 3999 exercitui
954 3960 1112 4021 praeesse,
1136 3938 1235 4002 aciem
1246 3963 1272 4002 A.
1287 3964 1325 4003 111
1334 3963 1450 4007 chamna

136 4061 163 4101 11
171 4040 342 4124 instruere,
369 4041 527 4125 proelium
554 4041 754 4137 committere
778 4042 890 4125 coepit.
936 4043 985 4106 Ea
1013 4044 1120 4107 omnia
1147 4049 1238 4109 tanta

107 4146 292 4210 3181111111
307 4147 381 4232 egit,
400 4153 442 4212 ut
466 4171 539 4231 rex,
558 4170 630 4211 cum
645 4149 729 4232 apud
744 4147 961 4212 Chaeroneam
971 4151 1160 4234 decertaret,
1175 4174 1238 4235 qua

988 4272 1024 4324 4*

158 3918 168 3944 4
