2940 4710
583 340 790 396 misimus.
1175 347 1217 410 45

152 506 338 589 bellumque
368 505 402 568 in
431 527 540 590 regem
568 509 770 588 renovarent,
801 506 916 569 docens
946 506 1061 569 melius
1089 528 1156 569 esse
1185 507 1218 569 in

152 611 232 677 Asia
258 635 355 696 quam
383 612 417 675 in
444 611 576 694 Europa
606 612 759 675 dimicari.
804 612 953 696 Namque
982 613 1068 675 fama
1098 614 1219 676 exierat

153 718 364 783 Artaxerxem
382 740 565 801 comparare
580 718 695 781 classes
713 719 938 802 pedestresque
953 720 1119 802 exercitus,
1139 742 1219 803 quos

154 827 188 890 in
218 824 384 890 Graeciam
422 826 572 890 mitteret.
627 823 712 887 Data
743 829 901 907 potestate
934 830 1024 889 tanta
1056 827 1218 891 celeritate

89 937 231 998 896usus
267 937 328 1015 est,
366 936 402 995 ut
433 932 540 1015 prius
572 931 606 994 in
638 930 750 995 Asiam
783 953 856 995 cum
893 933 993 1016 copiis
1029 933 1218 1017 perveniret,

127 1061 263 1123 ‚squam
295 1039 377 1124 regii
408 1042 553 1121 satrapae
586 1060 658 1101 eum
682 1038 800 1102 scirent
822 1040 1002 1122 profectum
1026 1060 1102 1103 esse.
1149 1039 1218 1115 Quo

152 1147 274 1209 factum
305 1150 366 1228 est,
396 1149 432 1208 ut
462 1167 572 1208 omnes
602 1145 776 1227 imparatos
804 1145 1085 1230 imprudentesque
1114 1147 1218 1230 oppri-

153 1256 262 1316 meret.

241 1357 280 1422 Id
312 1362 349 1422 ut
381 1358 531 1442 cognovit
563 1357 804 1441 Tissaphernes,
842 1359 897 1442 qui
929 1381 1089 1422 summum
1122 1360 1218 1443 impe·
1238 1385 1403 1432 ursianam
1418 1396 1440 1424 u.

118 1467 237 1530 urium
270 1471 340 1531 tum
373 1466 457 1528 inter
484 1465 662 1548 praefectos
684 1464 824 1528 habebat
846 1466 965 1550 regim,
997 1466 1168 1530 indutias
1201 1490 1219 1530 a
1247 1446 1428 1549 ,sseffliiiffi

152 1573 278 1637 Lacone
301 1572 456 1656 petiuit,
487 1571 641 1634 simulans
669 1593 702 1634 se
731 1572 806 1634 dare
834 1594 976 1655 operam,
1006 1577 1043 1636 ut
1065 1573 1218 1637 Lacedae·
1276 1571 1400 1610 mnam&

153 1680 271 1744 moniis
304 1701 376 1743 cum
408 1701 483 1764 rege
517 1679 713 1761 conveniret,
746 1700 780 1740 re
812 1683 918 1742 autem
942 1702 1017 1744 vera
1048 1681 1088 1743 ad
1111 1681 1219 1764 copias

154 1787 396 1869 comparandaS,
427 1808 565 1869 easque
590 1785 814 1868 impetravit
842 1786 1051 1850 trimenstres
1097 1785 1219 1852 Iuravit

154 1897 261 1956 autem
289 1897 424 1976 uterque
451 1914 484 1956 se
512 1892 580 1956 sine
605 1892 678 1955 dolo
701 1891 842 1967 indutias
866 1898 1135 1958 conservatumm.
1181 1893 1220 1957 In

119 2020 144 2061 a
154 2022 217 2083 qua
248 1999 397 2083 pactione
428 2021 554 2063 summa
586 1999 648 2067 fide
680 1999 799 2061 mansit
824 1997 1007 2084 Agesilaus,
1040 2005 1151 2064 contra
1183 2024 1219 2064 ea

153 2105 383 2189 Tissaphernes
412 2104 495 2168 nihil
524 2105 601 2168 fecit
631 2106 719 2169 aliud
742 2128 838 2189 quam
868 2106 989 2169 bellum
1014 2109 1218 2191 comparavit.

153 2249 198 2258 -
220 2210 258 2275 ld
280 2213 341 2276 etsi
363 2213 522 2277 sentiebat
543 2210 641 2296 Laco,
669 2217 776 2275 tamen
804 2212 853 2275 ius
880 2212 1050 2276 iurandum
1073 2216 1221 2278 servabat

153 2319 347 2403 multumque
366 2321 406 2384 iu
424 2340 461 2384 eo
479 2339 511 2385 se
528 2321 669 2402 consequi
687 2319 826 2412 dicebat,
844 2320 938 2402 quod
955 2320 1221 2404 Tissaphernes

148 2427 289 2508 periurio
311 2447 367 2493 suo
389 2431 419 2492 et
438 2426 575 2491 homines
597 2449 619 2492 a
640 2446 672 2492 se
693 2426 884 2491 abalienaret
904 2431 933 2491 ei
953 2427 1023 2492 deos
1044 2427 1103 2492 sibi
1124 2429 1221 2494 iratos

118 2533 300 2619 roreddcrct,
331 2554 368 2599 se
398 2538 517 2599 auten
548 2538 728 2598 consancta
755 2534 901 2616 relipianc
930 2535 1114 2615 confirmare
1136 2555 1220 2600 ener-

154 2641 261 2724 citum,
298 2660 367 2705 curn
398 2641 653 2706 animaduerteret
675 2643 831 2706 'deorum
866 2660 997 2704 numen
1026 2639 1131 2720 fauere
1161 2643 1221 2707 sibi

154 2745 378 2829 hominesque
406 2748 466 2813 sibi
487 2746 648 2812 conciliari
670 2748 842 2828 amiciores,
871 2747 926 2828 qui
947 2747 992 2812 cis
1013 2749 1131 2812 studere
1153 2768 1220 2813 ccii·

154 2858 302 2939 nessae,
325 2874 399 2936 quos
422 2873 598 2918 conseruare
615 2854 706 2936 pidem
728 2853 872 2918 viduant.

243 2957 277 3027 3.
300 2959 476 3043 Postquam
499 2958 696 3023 indutiarum
723 2959 890 3042 praeteriit
920 2959 1000 3042 dieS,
1032 2959 1442 3034 barbarusnkumpaeraig-

119 3086 146 3126 2⁶
155 3068 290 3152 veritus,
313 3090 352 3131 ne
377 3067 463 3150 quod
482 3065 592 3130 Caria
616 3066 681 3128 illis
704 3067 904 3149 temporibus
922 3066 1025 3130 multo
1044 3067 1221 3150 putabatur
1301 3047 1370 3085 ΝΜ

155 3174 419 3258 locupletissima,
450 3195 486 3236 eo
516 3173 720 3255 potissimum
750 3171 824 3237 host
811 3178 859 3238 tes
888 3174 1045 3257 impetum
1071 3174 1260 3257 facerent,

156 3302 265 3344 omnes
289 3280 397 3364 copias
421 3301 462 3342 eo
487 3301 555 3342 con
560 3283 740 3342 t.raxerat
782 3278 827 3342 At
813 3279 1049 3364 tAgesilaus
1041 3303 1078 3342 m
1102 3279 1220 3362 Phry-

156 3387 255 3472 giam
279 3409 312 3450 se
332 3385 490 3449 convertit
509 3406 641 3467 eamque
664 3385 772 3467 prius
795 3386 968 3469 depopulat
935 3409 1007 3449 aus
1025 3390 1074 3449 est
1078 3437 1086 3468 ,
1110 3394 1220 3469 quam

156 3493 383 3576 Tissaphernes
406 3513 542 3575 usquam
566 3513 598 3554 se
622 3496 772 3555 moveret.
796 3491 976 3578 —Magna
998 3493 1115 3574 praeda
1139 3492 1220 3554 mili·
1251 3519 1277 3558 n
1292 3522 1366 3558 rasta
1379 3519 1430 3558 aa

117 3600 243 3664 actibus
270 3599 411 3683 locuplet
397 3600 474 3663 attis
496 3598 661 3682 Ephesum
689 3597 811 3662 hiemat
797 3603 866 3662 tum
895 3600 1014 3663 exercit
1015 3621 1070 3662 um
1093 3600 1221 3663 reduxit
1207 3582 1428 3692 tuffilffissfffl

156 3711 252 3790 tque
285 3706 331 3770 ibi
364 3705 501 3770 officinis
534 3726 703 3799 armorum·
728 3705 858 3768 instiutt
821 3705 886 3768 uis
919 3728 1035 3791 magna
1063 3706 1199 3770 indust
1159 3710 1221 3769 tria

156 3813 277 3876 bellum
307 3812 481 3896 apparavit.
506 3849 548 3856 —
572 3810 617 3874 Et
646 3833 710 3894 quo
740 3811 914 3875 studiosius
945 3817 1145 3876 armarentur
1174 3813 1220 3875 in-

156 3920 342 4005 signiusque
367 3921 568 4000 ornarentur,
597 3918 740 4000 praemia
768 3918 950 4002 proposuit,
981 3919 1098 4002 quibus
1126 3920 1220 3982 dona-

156 4030 280 4110 rentur,
304 4048 440 4110 quorum
464 4024 592 4110 egregia
615 4024 649 4087 in
672 4047 710 4089 ea
732 4048 766 4088 re
788 4025 903 4089 fuisset
925 4026 1091 4090 industria.
1132 4025 1222 4089 Fecit

118 4133 242 4196 uidem
270 4133 304 4196 in
332 4131 596 4196 exercitationum
624 4132 808 4216 generibus,
838 4137 887 4215 ut,
918 4133 974 4216 qui
998 4133 1111 4196 ceteris
1132 4147 1220 4216 prae-
