2940 4710
447 353 671 408 1111111616
690 351 850 406 naeuus.
1138 357 1178 419 ol

113 519 216 583 saltus
235 518 344 581 hostes
365 540 383 582 6
400 522 492 602 tergo
512 537 682 602 aggressus
706 517 740 578 in
758 517 869 600 fugam
889 517 1032 580 coniecit.
1070 504 1179 579 Ario-

114 625 296 688 barzanes
334 645 407 687 cum
444 625 489 688 eis
526 623 699 706 militibus,
737 624 792 705 qui
829 604 957 687 caedem
994 623 1180 707 effugerant,

114 731 312 815 Persepolim
347 731 516 814 petebat,
553 729 618 792 sed
650 752 668 792 a
698 730 869 811 praefectis
900 729 990 793 urbis
1023 730 1180 812 exclusus,

115 860 187 901 cum
202 838 391 901 Macedones
414 841 541 900 strenue
565 837 728 899 subsecuti
746 841 864 920 essent,
887 836 1008 920 proelio
1028 841 1180 900 renovato

92 967 188 1008 ocum
208 943 356 1008 omnibus
375 944 441 1006 suis
465 942 612 1006 cecidit.
650 942 868 1006 Alexander
890 965 979 1026 vero,
1001 964 1074 1005 cum
1098 964 1180 1005 com·

114 1052 250 1135 perisset
276 1051 350 1114 illos
373 1050 408 1113 in
431 1049 538 1113 animo
562 1049 679 1112 habere
703 1049 863 1113 thesauris
887 1049 1019 1132 direptis
1044 1072 1083 1113 ex
1102 1050 1181 1114 urbe

116 1160 278 1242 excedere,
309 1156 472 1240 peditibus
502 1155 622 1219 relictis
646 1176 718 1218 cum
742 1156 888 1238 equitatu
911 1156 1093 1220 incredibili
1115 1157 1181 1220 fere

116 1266 290 1348 celeritate,
326 1263 440 1326 itinere
478 1262 528 1326 die
565 1283 602 1324 66
633 1254 726 1325 nocte
761 1261 961 1345 continuato,
998 1263 1032 1324 in
1069 1263 1181 1326 urbem

116 1372 324 1435 contendit.

80 1503 107 1541 10
206 1477 260 1544 17.
293 1477 413 1541 Multas
450 1477 514 1540 iam
550 1476 646 1539 urbes
683 1475 798 1558 opibus
833 1476 967 1540 refertas
1000 1475 1183 1539 Alexander
1200 1503 1329 1551 Persepolis
1345 1503 1393 1543 wir·

117 1590 173 1649 6111
209 1587 447 1669 expugnaverat
484 1588 539 1647 aut
572 1583 606 1645 in
637 1583 734 1645 fidem
766 1587 943 1666 receperat,
980 1583 1036 1646 sed
1072 1606 1182 1647 omnes

115 1691 295 1775 Persepolis
310 1691 473 1774 opulentia
493 1711 530 1753 ac
543 1688 781 1774 magnificentia
801 1689 977 1753 antecessit.
1011 1689 1083 1753 Huc
1097 1690 1182 1754 enim

116 1799 245 1862 barbari
268 1797 369 1861 totius
391 1796 532 1860 Persidis
556 1818 632 1880 opes
655 1797 871 1880 contulerant,
902 1797 971 1859 auri
995 1797 1182 1881 argentique

116 1905 229 1990 ingens
252 1904 301 1968 vis
320 1903 453 1968 collecta
477 1908 560 1986 erat,
584 1904 662 1966 item
685 1901 876 1965 vestimenta
897 1903 1039 1986 pretiosa
1058 1904 1182 1988 aliaque

82 2036 107 2076 11
117 2012 261 2095 supellex
284 2010 388 2096 magis
412 2011 452 2074 ad
475 2014 624 2074 ornatum
644 2032 740 2092 quarn
760 2009 800 2072 'ad
818 2031 911 2072 usum
931 2015 1122 2094 comparata.
1141 2050 1183 2057 —

117 2117 265 2182 Victores
289 2117 497 2200 diripiebant,
531 2120 686 2199 quantum
717 2116 851 2199 quisque
880 2117 1019 2199 arripere
1042 2121 1182 2202 poterat,

117 2225 212 2287 multi
236 2225 339 2288 etiam
356 2224 458 2286 ferro
483 2223 521 2286 de
543 2224 661 2306 praeda
680 2222 884 2286 dimicabant.
927 2222 978 2286 Ad
996 2223 1079 2286 hanc
1098 2247 1182 2288 ava-

117 2330 248 2394 ritiam
262 2330 403 2394 militum
418 2329 550 2393 accessit
565 2329 789 2412 crudelitas,
804 2352 877 2392 nam
894 2352 970 2393 auro
987 2335 1183 2416 argentoque

117 2437 178 2520 ipsi
202 2436 309 2501 onusti
329 2458 463 2520 corpora
481 2435 683 2520 captivorum
702 2437 919 2500 concidebant.
956 2436 1070 2521 Itaque
1088 2439 1183 2502 multi

81 2573 108 2610 16
118 2544 269 2627 oppidani
289 2565 361 2606 cum
380 2542 572 2628 coniugibus
591 2565 628 2606 66
645 2542 756 2607 liberis
776 2544 813 2607 de
832 2544 933 2608 muris
947 2567 980 2608 se
996 2545 1182 2610 deiciebant.

117 2648 156 2713 ln
178 2651 328 2714 thesauro
352 2649 440 2733 regio
466 2653 594 2712 6611111111
616 2649 733 2734 viginti
756 2651 847 2714 milia
869 2651 1027 2714 talentum
1055 2653 1184 2716 inventa

118 2760 220 2820 611111.Ι
256 2754 359 2831 Quam
390 2755 558 2838 pecuniam
592 2776 664 2818 cum
696 2754 878 2820 Alexander
910 2759 950 2820 ad
981 2780 1075 2821 usum
1107 2758 1184 2821 belli

118 2885 225 2927 secum
249 2861 382 2926 avehere
406 2859 636 2944 constituisset,
669 2860 759 2924 Susis
789 2883 825 2924 ac
847 2862 1012 2946 Babylone
1042 2863 1185 2927 iumenta

119 2969 318 3053 camelosque
355 2967 468 3032 adduci
505 2966 611 3051 iussit,
649 2966 766 3050 quibus
803 2973 930 3032 tantum
968 2990 1048 3032 onus
1084 2974 1184 3034 trans-

83 3104 109 3144 11
117 3080 308 3159 portaretur.

207 3182 324 3245 Arcem
347 3181 448 3266 urbis,
480 3186 530 3246 tot
557 3204 670 3266 regum
694 3182 813 3266 sedem,
847 3183 973 3246 incendi
1005 3183 1110 3268 iussit,
1143 3191 1184 3250 111

120 3287 393 3352 contumeliam
418 3287 567 3352 Graeciae
590 3289 722 3372 factam,
745 3289 866 3372 templa
889 3313 907 3353 a
930 3289 1036 3355 Persis
1061 3275 1215 3376 direptab

119 3417 156 3460 ac
179 3395 285 3459 11111116
307 3397 339 3458 61
353 3392 497 3458 Athenas
516 3394 661 3458 incendio
682 3395 802 3458 deletas
825 3395 1088 3462 ulcisceretur.
1117 3399 1183 3462 Alii

119 3507 250 3567 narrant
274 3524 350 3576 ,eum
374 3501 455 3565 illud
478 3523 542 3566 non
566 3506 651 3565 certo
675 3501 807 3584 iudicio,
836 3503 891 3565 sed
914 3503 1039 3568 ebrium
1062 3505 1182 3570 fecisse.

82 3639 109 3677 16
119 3609 167 3674 Ac
185 3615 255 3674 tum
274 3610 413 3673 maxime
432 3609 603 3672 immodica
616 3608 787 3672 Persarum
805 3608 933 3672 luxuria
946 3609 1183 3696 immensaeque

120 3739 195 3800 opes
226 3716 323 3780 etiam
350 3716 453 3802 regis
481 3738 586 3780 mores
614 3737 816 3798 corrumpere
844 3721 1029 3799 coeperunt:
1061 3719 1184 3783 cultum

119 3824 302 3906 victumque
325 3823 485 3905 mutabat,
508 3822 709 3905 splendorem
733 3843 768 3885 66
791 3822 903 3886 luxum
921 3823 1091 3888 Persarum
1114 3825 1182 3889 imi-

119 3931 261 4014 tabatur,
295 3951 376 4013 quae
408 3934 516 3993 tamen
549 3927 656 3991 omnia
688 3950 729 3992 eo
753 3929 891 3993 maxime
915 3929 1048 3994 consilio
1072 3932 1183 3996 fecisse

1228 1567 1371 1615 geplunderr.

1220 3210 1263 3249 Die
1281 3211 1380 3260 Kbnigs-

1217 3284 1261 3322 urg
1277 3273 1335 3313 wird
1349 3274 1393 3314 ein·

1238 3337 1364 3385 gecsohert.

119 4037 258 4121 videtur,
292 4057 355 4121 quo
387 4035 513 4099 facilius
545 4033 668 4099 animos
695 4034 864 4098 Persarum
898 4036 959 4099 sibi
991 4037 1183 4103 conciliaret.
1220 4103 1221 4106 ,

83 4174 110 4213 11
120 4143 205 4210 Nam
227 4144 265 4207 id
286 4142 491 4228 potissimum
515 4142 594 4226 egit,
617 4146 658 4205 ut
681 4141 809 4205 barbari
834 4147 866 4205 et
890 4141 1002 4206 Graeci
1026 4144 1060 4206 in
1083 4167 1182 4209 unum
