2940 4710
576 376 774 430 naumann.
960 345 962 349 ’
1168 380 1209 443 79

232 536 285 606 ll.
324 540 395 602 Tali
437 540 658 604 cohortatione
699 539 840 603 militum
882 540 968 603 facta
1014 538 1123 603 classis
1169 539 1208 602 ab
1246 565 1275 603 11.
1292 562 1406 604 erroneae

142 646 286 730 utrisque
309 647 344 709 in
365 646 525 730 proelium
548 647 723 710 deducitur.
765 645 843 710 Acie
862 647 1025 730 utrimque
1044 624 1412 738 1115111111,ἀ1ξ(ζξζζεξ’ἰξ’ζιῠῖ,4

141 754 329 837 priusquam
352 753 482 838 signum
503 774 631 838 pugnae
650 753 791 835 daretur,
815 751 1024 836 Hannibal,
1047 756 1084 815 ut
1102 753 1208 835 palam
1400 742 1402 747 ¹

141 861 233 923 fieret
265 860 343 943 suis,
377 881 440 943 quo
471 859 542 923 loco
570 859 731 923 Eumenes
764 863 860 942 esset,
893 859 1144 922 tabellarium
1176 861 1211 923 in

120 989 131 1025 ,1
142 966 259 1050 scapha
283 988 355 1030 cum
379 966 516 1030 caduceo
540 967 672 1030 mittit.
720 965 790 1042 Qui
813 965 870 1029 ubi
893 966 935 1028 ad
952 989 1048 1030 naves
1067 967 1210 1030 adversa·

142 1074 263 1136 riorum
281 1074 427 1156 pervenit
446 1073 680 1157 epistulamque
695 1073 870 1137 ⁴ostendens
889 1095 922 1136 se
936 1095 1044 1157 regem
1059 1096 1211 1157 quaerere

141 1181 303 1262 professus
327 1185 388 1263 est,
411 1180 523 1242 statim
542 1181 586 1242 ad
604 1179 811 1243 Eumenem
832 1179 1016 1243 deductus
1036 1185 1105 1264 est,
1126 1182 1211 1264 quod

142 1309 236 1349 nemo
270 1287 452 1369 dubitabat,
486 1286 564 1370 quin
597 1285 720 1368 aliquid
752 1286 790 1349 de
821 1307 899 1369 pace
932 1286 1087 1369 scriptum
1120 1292 1210 1350 esset.

142 1392 342 1456 Tabellarius
377 1393 466 1456 ducis
494 1414 574 1457 nave
603 1392 762 1455 declarata
790 1393 856 1455 suis
884 1392 1008 1475 eodem,
1036 1378 1120 1456 unde
1143 1398 1211 1457 erat

107 1521 132 1559 ιο
143 1521 301 1584 egressus,
331 1523 364 1563 se
394 1499 523 1589 recepit.
570 1497 615 1562 At
638 1498 799 1563 Eumenes
829 1499 935 1563 soluta
963 1500 1100 1583 epistula
1129 1499 1212 1563 nihil

142 1606 175 1669 in
194 1629 231 1669 ea
249 1607 405 1690 reppeirit,
424 1607 486 1669 nisi
506 1629 586 1690 quae
606 1607 647 1670 ad
665 1607 771 1690 ipsum
789 1606 987 1669 irridendum
1005 1605 1210 1689 pertinerent.

143 1713 241 1777 Cuius
264 1713 310 1777 rei
333 1713 393 1777 etsi
417 1735 544 1776 causam
568 1713 746 1777 mirabatur
767 1736 869 1798 neque
887 1712 1079 1797 reperiebat,
1103 1717 1210 1778 tamen

141 1821 299 1904 proelium
322 1820 432 1884 statim
456 1819 655 1884 committere
679 1843 744 1884 non
767 1821 934 1885 dubitavit.

233 1926 302 2003 Quo
333 1927 367 1990 in
395 1948 550 1990 concursu
577 1925 724 2009 Bithynii
753 1949 792 1989 ex
820 1926 1013 1991 Hannibalis
1039 1931 1210 2009 praecepto
1220 1949 1263 2002 me
1272 1949 1324 1989 nne
1337 1949 1412 2000 galiug

108 2054 133 2094 rs
142 2034 281 2098 universi
313 2055 427 2097 navem
456 2031 610 2096 Eumenis
642 2033 837 2096 adoriuntur.
886 2032 1030 2108 Quorum
1059 2032 1125 2096 vim
1156 2056 1210 2096 rex

143 2163 215 2204 cum
248 2140 404 2203 sustinere
437 2161 502 2202 non
534 2144 655 2223 posset,
692 2140 769 2224 fuga
802 2139 938 2203 salutem
970 2138 1077 2223 petiit,
1115 2162 1211 2222 quarn

143 2252 330 2310 consecutus
363 2269 427 2310 non
460 2250 555 2328 esset,
588 2245 649 2308 nisi
682 2246 767 2308 intra
798 2267 856 2308 sua
883 2245 1041 2328 praesidia
1068 2269 1101 2309 se
1129 2267 1210 2309 rece-

141 2353 254 2437 pisset,
291 2376 372 2438 quae
409 2353 443 2416 in
478 2353 627 2437 proximo
660 2352 754 2416 litore
787 2356 877 2416 erant
910 2352 1073 2417 collocata.
1130 2352 1210 2416 Cum

142 2461 283 2545 reliquae
306 2461 521 2546 Pergamenae
549 2482 645 2523 naves
674 2459 871 2523 adversarios
894 2460 998 2523 acrius
1020 2465 1211 2543 premerent,

107 2587 133 2625 11
143 2572 272 2649 repente
300 2567 334 2628 in
362 2589 415 2629 eas
437 2589 513 2629 vasa
540 2565 665 2650 fictilia,
695 2567 732 2629 de
757 2567 873 2650 quibus
897 2589 993 2650 supra
1016 2565 1211 2630 mentionem

143 2671 287 2754 fecimus,
325 2671 428 2734 conici
465 2676 578 2753 coepta
612 2677 695 2735 sunt.
751 2672 838 2748 Quae
870 2673 954 2736 iacta
985 2672 1078 2736 initio
1112 2672 1211 2737 risum

143 2777 361 2862 pugnantibus
381 2776 634 2860 concitaverunt,
653 2801 769 2861 neque,
794 2800 891 2861 quare
911 2778 944 2840 id
962 2779 1066 2861 fieret,
1084 2783 1212 2861 poterat

144 2883 296 2969 intellegi.
333 2883 510 2967 Postquam
529 2888 636 2947 autem
656 2907 752 2948 naves
771 2906 844 2947 suas
858 2884 1060 2967 serpentibus
1074 2885 1211 2968 repletas

143 2995 388 3075 conspexerunt,
411 3012 495 3054 nova
513 3012 547 3054 re
565 2989 783 3074 perterriti,
807 3012 892 3074 eum,
912 2991 989 3074 quid
1006 2992 1211 3075 potissimum

108 3098 294 3180 invitarent,
326 3120 391 3161 non
421 3097 578 3182 riderent,
610 3120 767 3181 puppes
797 3101 1016 3161 verterunt
1045 3121 1141 3182 seque
1172 3099 1212 3162 ad

144 3226 201 3267 sua
224 3207 329 3267 eastra
355 3204 481 3267 navalia
508 3204 711 3267 rettulerunt.
740 3242 781 3250 -
814 3203 867 3268 Sic
890 3204 1054 3268 Hannibal
1077 3205 1210 3269 consilio

144 3333 232 3373 arma
260 3309 532 3396 Pergamenorum
560 3309 735 3392 superavit,
766 3333 868 3394 neque
899 3316 978 3374 tum
1008 3312 1125 3395 solum,
1156 3313 1211 3376 sed

144 3439 236 3500 saepe
255 3415 351 3480 alias
369 3416 616 3500 pedestribus
631 3416 731 3499 copiis
745 3416 815 3500 pari
829 3417 1000 3499 prudentia
1014 3419 1211 3484 adversarios

142 3523 274 3607 pepulit.

107 3652 134 3690 ao
232 3627 287 3696 12.
310 3630 396 3693 Dum
429 3629 508 3693 haee
539 3631 572 3693 in
600 3629 678 3694 Asia
708 3636 876 3716 geruntur,
907 3631 1022 3696 accidit
1052 3654 1139 3716 casu,
1169 3639 1262 3697 utura
1280 3657 1364 3697 numer
1384 3669 1411 3698 ve

80 3741 134 3796 183
142 3735 241 3820 legati
271 3735 425 3800 Eumenis
455 3736 575 3801 Romae
607 3738 692 3821 apud
720 3738 755 3804 Τ.
780 3737 965 3813 Quinctium
992 3721 1412 3833 Ε’11111111111111111ῃωξξζζθξξιξιι

144 3842 343 3906 consularem
367 3848 547 3907 cenarent
569 3849 686 3928 utque
707 3845 753 3909 ibi
782 3846 820 3909 de
843 3844 1025 3909 Hannibale
1049 3847 1209 3911 mentione
1275 3840 1276 3843 ¹

143 3948 228 4011 facta
264 3972 303 4012 ex
331 3948 370 4012 iis
400 3973 483 4013 unus
511 3951 655 4015 diceret
690 3975 763 4016 eum
791 3953 824 4015 in
851 3951 983 4016 Prusiae
1011 3976 1110 4039 regno
1134 3977 1210 4018 esse.

143 4052 181 4117 Id
209 4060 338 4138 postero
369 4057 419 4120 die
449 4057 649 4123 Flamininus
677 4060 802 4123 senatui
830 4060 953 4124 detulit.
999 4060 1111 4124 Patres
1139 4082 1210 4124 oon·
1248 4103 1249 4106 =

107 4184 133 4224 aa
143 4161 266 4245 scripti,
303 4165 358 4248 qui
391 4163 572 4230 Hannibale
604 4165 677 4230 vivo
714 4189 889 4251 numquam
922 4190 954 4231 se
987 4167 1055 4232 sine
1087 4167 1211 4232 insidiis
