2940 4710
262 356 305 419 30
688 351 910 408 ALCIBIADES.

262 518 342 598 tate,
366 519 406 578 ut
430 537 503 579 eum
526 537 620 579 nemo
644 516 678 578 in
701 516 843 579 amicitia
862 516 1069 580 antecederet.
1106 516 1254 601 Namque
1272 518 1327 581 ille

262 621 291 684 ei
307 620 465 704 Grynium
482 623 624 704 dederat,
643 621 766 706 Mysiae
780 623 947 706 oppidum,
966 646 1005 687 ex
1024 645 1087 706 quo
1103 624 1328 710 quinquagena

262 728 383 792 talenta
406 729 572 814 vectigalis
597 730 751 812 capiebat.

63 861 183 900 ararat
197 862 252 900 ver·
351 834 421 911 Qua
452 836 583 899 fortuna
614 834 798 900 Alcibiades
829 858 894 900 non
924 841 992 900 erat
1024 841 1192 901 contentus
1224 860 1327 921 neque

62 923 252 1036 ’ssssmffimigssm
262 941 406 1006 Athenas
434 927 535 1006 victas
562 942 822 1007 Lacedaemoniis
849 943 967 1007 servire
994 947 1122 1026 poterat
1144 945 1220 1027 pati.
1265 945 1350 1008 lta-⁵

62 1047 324 1152 ssffffieffiisque
354 1050 394 1112 ad
422 1050 561 1132 patriam
591 1050 789 1114 liberandam
820 1051 907 1113 omni
934 1051 1097 1114 ferebatur
1125 1052 1326 1136 cogitatione.

120 1172 176 1225 aar).
263 1155 323 1220 Sed
344 1157 499 1220 videbat
522 1156 556 1219 id
569 1156 638 1221 sine
656 1178 731 1241 rege
745 1156 914 1220 Persarum
929 1179 993 1222 non
1011 1180 1105 1241 posse
1124 1158 1207 1241 fieri,
1226 1159 1327 1222 ideo-

263 1285 333 1347 que
357 1286 429 1327 eum
454 1264 593 1326 amicum
611 1263 679 1326 'sibi
703 1264 882 1347 cupiebat
905 1264 1046 1349 adiungi,
1069 1266 1156 1347 quod
1177 1265 1327 1329 facilese

262 1374 506 1433 consecuturum
521 1371 683 1454 sperabat,
702 1371 730 1433 si
748 1370 843 1434 modo
858 1371 927 1434 eius
941 1372 1149 1435 conveniendi
1162 1372 1327 1436 habuisset

260 1480 462 1559 potestatem.
508 1477 594 1540 Nam
614 1476 734 1560 Cyrum
757 1477 889 1541 fratrem
913 1478 942 1542 ei
965 1478 1086 1542 bellum
1110 1479 1192 1543 clam
1215 1501 1327 1562 parare
1339 1502 1364 1540 ro

260 1582 519 1647 Lacedaemoniis
560 1584 785 1647 adiuvantibus
826 1585 959 1670 sciebat3
1001 1586 1035 1649 id
1074 1587 1102 1649 si
1144 1587 1327 1670 aperuisset,

262 1711 411 1775 magnam
436 1713 469 1754 se
493 1691 649 1754 initurum
673 1690 811 1776 gratiam
834 1691 971 1757 videbat.

62 1825 95 1863 :an
108 1826 210 1865 eruenta
224 1825 250 1864 A.
351 1793 405 1864 ll).
429 1797 503 1886 Hoc
525 1819 596 1861 cum
620 1797 789 1862 moliretur
806 1803 992 1882 peteretque
1011 1822 1029 1862 a
1047 1797 1267 1883 Pharnabazo,
1287 1803 1327 1862 ut

62 1887 99 1926 ‘⁰¹²
108 1888 159 1927 ‘¹⁰¹¹‘
167 1889 251 1927 ¹⁴⁰b⁰¹¹'
261 1905 302 1967 ad
324 1926 432 1988 regem
456 1905 652 1987 mitteretur,
681 1906 809 1970 eodem
832 1910 1003 1989 tempore
1027 1904 1144 1968 Critias
1167 1906 1393 1990 ceterique404

260 2012 416 2094 tyranni
441 2010 686 2076 Atheniensium
711 2017 814 2077 certos
836 2013 982 2077 homines
1006 2013 1046 2076 ad
1068 2012 1269 2096 Lysandrum
1293 2013 1327 2076 in
1339 2037 1363 2077 rs

260 2117 371 2181 Asiam
391 2119 590 2201 miserant,
615 2119 670 2202 qui
690 2141 762 2183 eum
782 2121 950 2184 certiorem
968 2121 1122 2204 facerent,
1145 2123 1209 2185 uisi
1222 2121 1325 2186 Alei-

260 2227 403 2290 biuderu
421 2226 603 2310 sustulisset,
621 2226 720 2290 uidit
733 2248 916 2292 mansurum
930 2247 991 2292 esse
1004 2248 1112 2292 eurum
1125 2247 1236 2312 rerum,
1250 2248 1327 2309 quus

259 2335 325 2413 ipse
343 2333 474 2397 Athenis
496 2335 711 2410 constituisset
735 2354 842 2417 quare,
864 2336 894 2398 sr'
915 2355 1002 2399 suus
1023 2354 1072 2399 res
1086 2339 1187 2415 pestus
1204 2354 1328 2398 rnorem

260 2440 357 2523 uellet,
389 2439 497 2503 illum
522 2445 760 2521 persequeretur.
811 2439 872 2504 His
903 2441 987 2505 Laco
1020 2441 1116 2504 rebus
1148 2444 1328 2504 commotus

261 2546 375 2609 statuit
408 2546 586 2608 accuratius
619 2546 682 2609 sibi
715 2547 872 2630 agendum
910 2569 982 2611 cum
1015 2547 1231 2614 Pharnabazo.
1286 2546 1365 2611 ldiso

260 2653 362 2737 igitur
376 2653 548 2734 renuntiat,
564 2675 644 2735 quae
659 2653 727 2738 regi
742 2674 814 2716 cum
823 2653 1083 2718 Lacedaemoniis
1098 2655 1329 2738 convenissent,

261 2760 323 2822 nisi
347 2754 548 2823 Alcibiadem
572 2759 680 2822 vivum
704 2764 760 2823 aut
783 2765 945 2825 mortuum
970 2763 1033 2826 sibi
1056 2762 1247 2825 tradidisset.

65 2894 226 2933 Pharnabazus
349 2866 425 2931 Non
449 2867 526 2930 tulit
548 2867 610 2930 hoc
633 2870 775 2950 satrapes
798 2872 831 2931 et
853 2869 973 2933 violare
1000 2869 1202 2932 clementiam
1231 2890 1327 2951 quam

62 2956 107 2995 Μ*
121 2956 148 2995 A·
163 2959 232 2996 ‘⁶⁶⁰²
262 2976 346 3060 regis
375 2997 450 3058 opes
481 2974 584 3036 minui
613 2974 736 3037 maluit.
782 2972 895 3057 Itaque
922 2976 1011 3038 misit
1039 2974 1272 3039 Susamithrem
1296 2980 1328 3038 et

261 3082 424 3166 Bagaeum
452 3081 492 3144 ad
524 3079 724 3144 Alcibiadem
757 3082 1024 3165 interficiendum,
1057 3104 1129 3146 cum
1162 3082 1215 3145 ille
1246 3087 1328 3146 esset
1338 3107 1365 3147 ns

261 3189 295 3251 in
323 3187 466 3272 Phrygia
501 3187 626 3269 iterque
659 3187 699 3249 ad
731 3209 838 3273 regem
870 3193 1078 3272 compararet.
1123 3189 1215 3252 Missi
1245 3188 1327 3252 clam

261 3294 375 3358 incolis
405 3295 473 3357 eius
503 3293 657 3378 regionis,
688 3295 721 3356 in
750 3317 812 3378 qua
839 3299 908 3359 tum
932 3294 1116 3359 Alcibiades
1139 3300 1223 3379 erat,
1252 3296 1328 3358 dant
1359 3287 1362 3293 ¹

261 3402 441 3486 negotium,
472 3405 508 3464 ut
539 3422 612 3463 eum
642 3401 845 3466 interficiant.
890 3400 944 3465 Illi
967 3424 1039 3465 cum
1068 3403 1172 3466 ferro
1196 3403 1349 3488 aggredi·

261 3531 326 3572 non
350 3509 516 3590 auderent,
547 3511 643 3571 noctu
674 3508 762 3592 ligna
785 3509 990 3589 contulerunt
1014 3510 1097 3572 circa
1120 3531 1225 3573 casam
1249 3531 1328 3592 eam,

262 3617 295 3678 in
315 3638 379 3699 qua
398 3615 596 3698 quiescebat,
620 3637 720 3698 eaque
739 3617 981 3699 succenderunt,
1006 3621 1042 3679 ut
1061 3617 1236 3679 incendio
1256 3637 1366 3680 con-so

260 3722 405 3803 ficerent,
444 3744 539 3805 quem
575 3744 686 3785 manu
719 3724 861 3806 superari
893 3745 985 3806 posse
1019 3723 1215 3787 diffidebant.
1269 3720 1329 3786 Ille

261 3832 369 3892 autem
402 3833 439 3892 ut
470 3829 578 3892 sonitu
607 3829 754 3893 flammae
784 3834 833 3893 est
860 3831 1029 3912 excitatur,
1060 3830 1121 3893 etsi
1151 3830 1276 3914 gladius
1300 3831 1330 3893 ei

260 3940 329 3999 erat
366 3936 557 4019 subductuS,
594 3937 763 4000 familiaris
801 3938 850 4000 sui
887 3937 1033 4001 subalare
1069 3937 1170 4000 telum
1203 3937 1330 4020 eripuit.

260 4042 409 4127 Namque
443 4048 511 4107 erat
544 4065 616 4106 cum
649 4066 686 4108 eo
719 4044 848 4127 quidam
881 4066 919 4106 ex
947 4043 1085 4108 Arcadia
1113 4044 1243 4127 hospes,
1274 4045 1330 4127 qui

261 4172 437 4234 numquam
462 4151 622 4214 discedere
645 4151 798 4214 voluerat.
843 4150 928 4213 Eum
952 4151 1042 4234 sequi
1066 4173 1099 4214 se
1120 4151 1210 4214 iubet
1233 4155 1265 4214 et
1288 4151 1368 4233 ides
