2940 4710
565 359 788 413 ALEXANDER
806 356 966 412 MAGNUS.

514 610 604 676 XII.
629 607 834 676 Alexander
857 609 1017 690 Magnus.

229 744 257 800 A
284 742 359 818 Kap.
378 745 485 802 1-3:
509 742 537 800 A
570 744 614 800 als
638 742 813 816 Kronprinz.

229 851 263 908 B.
287 850 362 925 Kap.
379 851 510 908 4-23:
535 849 570 907 A.
594 849 764 907 unterwirft
783 848 1000 907 Griechenland
1023 850 1084 906 und
1107 849 1159 906 das
1183 849 1300 907 Perser-

229 1097 230 1101 ἵ
288 940 420 1108 Alleliap.
437 1031 469 1085 4:
493 1026 529 1085 A.
553 1028 583 1084 in
609 1026 839 1095 Griechenland;
864 1027 983 1084 Theben
1007 1028 1082 1085 wird
1105 1029 1238 1086 zerstdrt.
1310 1047 1323 1085 a

288 1111 321 1196 b)
345 1117 421 1191 Kap.
438 1118 560 1176 5-23:
579 1116 614 1172 A.
631 1116 906 1174 durchziehtAsien
919 1117 962 1174 im
975 1117 1099 1174 raschen
1116 1115 1300 1193 Siegcszuge.

345 1199 377 1287 1)
400 1204 476 1280 Kap.
493 1208 598 1264 5-7:
636 1205 672 1262 A.
709 1205 880 1263 unterwirft
915 1205 1088 1263 Kleinasien
1127 1197 1211 1286 (Sieg
1252 1224 1301 1262 am

400 1287 572 1375 Granihus).
1364 1303 1368 1311 '

344 1378 378 1464 2)
402 1383 477 1458 Kap.
494 1385 617 1443 8--13:
641 1383 677 1442 A.
697 1384 775 1460 siegt
792 1384 840 1441 bei
859 1383 951 1458 Issus,
976 1384 1055 1442 nieht
1078 1384 1172 1442 durch
1196 1383 1301 1458 Syrien

293 1530 296 1538 ,
401 1465 512 1552 (Tyrus
537 1465 676 1553 erobert),
700 1472 812 1531 besetzt
835 1460 976 1550 Agypten
999 1473 1061 1531 und
1083 1474 1171 1531 rdckt
1193 1473 1238 1530 bis
1263 1491 1301 1530 an
1312 1491 1338 1529 ιο

402 1562 458 1618 den
478 1562 576 1638 Tigris
600 1579 661 1619 vor.

346 1642 379 1730 3)
403 1650 478 1724 Kap.
493 1652 636 1708 14—18:
650 1651 765 1708 Dareus
780 1651 854 1708 wird
868 1651 917 1708 bei
925 1649 1109 1728 Gaugamela
1123 1651 1302 1728 geschlagen

399 1739 461 1796 und
483 1740 515 1796 in
537 1739 685 1824 Baktrien⁸
705 1742 827 1815 getdtet.
874 1740 1049 1815 Eroberung
1074 1759 1133 1799 von
1156 1739 1302 1814 Babylon,

405 1827 479 1886 Susa
502 1829 563 1885 und
586 1828 762 1903 Persepolis,

344 1920 363 1976 4
402 1917 639 1992 Kap.19-21:
663 1918 699 1976 A.
723 1918 825 1993 dringt
848 1917 893 1974 bis
917 1919 993 1975 nach
1016 1918 1121 1975 Indien
1145 1936 1206 1976 vor.
1315 1935 1338 1974 15

345 2009 362 2065 5
404 2006 479 2080 Kap.
496 2009 536 2064 22
551 2007 613 2064 und
629 2009 684 2066 23:
707 2007 743 2064 A.
766 2007 854 2064 kehrt
876 2007 953 2064 nach
976 2006 1113 2082 Babylon
1139 2007 1256 2064 zurdok.

235 2112 266 2171 O.
290 2113 366 2187 Kap.
384 2116 437 2171 24:
462 2112 530 2170 Scin
555 2113 619 2171 Tod
641 2115 703 2172 und
725 2114 896 2189 Begrdbnis.

17 2257 51 2298 a..
73 2259 145 2298 Vater
167 2257 226 2297 wire
324 2228 356 2297 l.
387 2231 563 2315 Postquam
596 2232 836 2316 Epaminondas
868 2233 1040 2296 Thebanus
1072 2237 1104 2296 et
1133 2231 1303 2318 Agesilaus

17 2319 226 2423 ¹⁰¹0hffssffndfffi⁶'
234 2339 504 2402 Lacedaemonius
532 2339 652 2402 mortni
681 2345 768 2424 sunt,
797 2339 942 2403 civitates
967 2338 1117 2403 Graeciae
1139 2339 1303 2422 perpetuis

234 2445 328 2509 bellis
351 2445 397 2508 ita
422 2445 606 2509 debilitatae
630 2452 734 2529 erant,
759 2451 795 2510 ut
818 2447 907 2510 nulla
930 2447 995 2509 iam
1014 2446 1127 2510 ceteris
1146 2446 1339 2529 imperarem

232 2557 349 2635 posset.
397 2551 467 2627 Quo
490 2553 613 2616 factum
636 2557 698 2635 est,
726 2558 762 2616 ut
790 2552 973 2636 Philippus,
1004 2553 1215 2616 Maceddnum
1238 2575 1303 2635 rex,

235 2659 392 2722 discordia
417 2657 612 2722 Graecorum
640 2659 843 2722 callidissime
862 2683 939 2723 usus
961 2659 1178 2743 principatum
1203 2659 1304 2723 totius

235 2765 385 2830 Graeciae
409 2765 553 2830 obtinere
577 2767 728 2830 studeret.
771 2765 942 2850 Occupatis
960 2767 1061 2852 igitur
1079 2766 1304 2850 Thermbpylis

234 2895 307 2936 cum
330 2873 364 2936 in
387 2873 554 2937 Boeotiam
583 2873 702 2937 intrare
725 2874 807 2937 velle
830 2873 1004 2957 videretur,
1036 2873 1207 2937 Thebani
1231 2896 1304 2937 cum

234 2970 487 3044 Atheniensibus
520 2979 749 3062 Demosthene,
786 2979 1040 3062 praeclarissimo
1074 2985 1214 3064 oratore,
1252 2982 1340 3043 ad-aa

234 3092 384 3150 monente
408 3087 595 3150 societatem
618 3086 790 3149 inierunt
817 3081 1003 3170 bellumque
1026 3087 1060 3150 in
1083 3109 1192 3173 regem
1214 3110 1304 3170 para-

234 3193 321 3256 bant.
369 3193 432 3256 Sed
462 3215 571 3278 pugna
604 3194 644 3256 ad
676 3191 894 3256 Chaeroneam
926 3193 1012 3256 facta
1043 3191 1155 3257 Graeci
1188 3193 1368 3257 deviabit-338

235 3303 323 3383 sunt3
347 3299 437 3362 nullo
461 3299 523 3362 iam
549 3299 715 3362 resistente
739 3299 866 3363 victor
889 3322 952 3362 rex
973 3298 1120 3363 Corinthi
1144 3302 1184 3364 ab
1205 3300 1304 3364 omni·

235 3407 296 3469 bus
323 3407 390 3469 fere
418 3405 602 3470 civitatibus
631 3429 797 3470 summus
828 3407 900 3468 dux
929 3411 1040 3469 contra
1063 3406 1176 3470 Persas
1204 3407 1304 3470 decla-

235 3517 324 3576 ratos
357 3517 413 3576 est.
469 3513 530 3589 Qui
564 3514 640 3576 dum
673 3513 848 3576 exercitum
881 3535 920 3574 ex
952 3512 1088 3598 singulis
1121 3512 1305 3577 civitatibus
1314 3535 1341 3574 ao

237 3619 410 3701 contrabit,
435 3643 453 3682 a
476 3619 634 3684 Pausania
657 3620 796 3703 quodam
820 3618 1006 3683 interfectus
1030 3624 1086 3683 est.
1313 3625 1369 3680 336

326 3724 359 3792 2.
380 3725 539 3790 Successit
567 3727 596 3790 ei
620 3726 802 3790 Alexander
828 3725 927 3808 filius,
957 3725 1007 3788 cui
1034 3730 1147 3809 postea
1173 3730 1306 3809 propter

237 3855 286 3895 res
319 3832 475 3895 maximas
507 3833 593 3896 bello
626 3837 732 3918 gestas
766 3855 943 3918 cognomen
970 3831 1133 3918 ‘Magnus'
1167 3832 1305 3896 inditum

237 3943 293 4002 est.
335 3936 367 4001 ls
391 3943 485 4003 natus
510 3944 557 4002 est
581 3941 691 4003 eadem
710 3944 816 4022 nocte,
841 3963 904 4023 qna
923 3939 1165 4003 celeberrimum
1184 3938 1371 4002 Dianaedbd

226 4045 396 4137 ¹Ephesiae
438 4047 595 4129 templum
637 4046 837 4132 deflagravit3
884 4048 995 4110 eodem
1036 4051 1180 4128 tempore
1220 4045 1306 4129 patri
1316 4067 1342 4109 aa

237 4152 421 4216 nuntiatum
454 4157 501 4216 est
538 4153 737 4237 Potidacam‚
776 4152 1021 4217 Atheniensium
1055 4153 1227 4235 coloniam,
1265 4153 1305 4216 ab
