2940 4710
670 342 944 397 mussussiuts.

613 595 719 660 ml.
741 594 1004 674 Thrasybulus.

276 734 312 788 A.
334 728 410 803 liap.
432 734 446 786 l
472 727 535 785 und
558 730 592 785 ἒς
619 727 674 786 Th
696 726 849 801 bekimpt't
871 726 920 783 die
944 728 987 785 30
1004 725 1164 801 Tyrannen
1185 726 1217 782 in
1239 725 1345 783 Athen

333 820 389 876 mit
411 816 517 876 Gluck

275 925 310 984 B.
332 924 448 999 Ksp.3
475 924 537 981 und
564 928 600 982 4:
629 923 683 981 Th
712 921 836 980 beweist
864 922 910 979 als
940 922 1044 999 Sieger
1072 921 1164 979 llilcle
1192 920 1255 977 und
1286 920 1344 978 Be-

333 1014 542 1072 scheidenheit.
1354 1028 1369 1067 5

236 1197 246 1205 -
365 1149 398 1215 1.
420 1148 718 1232 Thrasybulum.
753 1147 833 1230 Lyci
873 1148 992 1219 tilium,
1028 1147 1272 1215 Atheniensem.
1314 1149 1345 1211 si

186 1270 190 1275 '
275 1281 333 1341 per
363 1280 398 1321 se
429 1258 532 1320 virtus
562 1257 632 1320 sine
658 1257 790 1319 fortuna
812 1255 1010 1318 aestimanda
1036 1272 1099 1321 est.
1126 1255 1263 1318 dubito
1295 1277 1344 1317 an

274 1366 437 1449 primum
467 1365 611 1427 omnium
643 1385 792 1446 ponam.
823 1363 880 1425 sed
906 1363 975 1424 sine
1003 1361 1101 1425 dubio
1128 1362 1288 1425 neminem
1311 1362 1343 1424 ei

274 1472 420 1556 praefero
434 1471 506 1551 fide,
524 1471 714 1551 constantia,
727 1470 950 1554 magnitudine
963 1470 1073 1537 animi.
1085 1469 1209 1552 patriae
1222 1490 1342 1531 amore.

274 1578 359 1643 Nam
382 1578 469 1662 quod
491 1576 586 1639 multi
610 1576 781 1639 voluerunt
807 1578 965 1660 paucique
987 1590 1176 1659 potuerunt,
1198 1575 1239 1638 ab
1267 1597 1381 1639 unoro

274 1691 412 1768 tyranno
434 1685 571 1767 patriam
595 1683 745 1765 liberare,
767 1684 801 1746 id
824 1683 872 1746 illi
895 1684 1047 1768 contigit,
1070 1696 1106 1746 ut
1129 1706 1149 1745 a
1175 1683 1343 1768 triginta

275 1813 459 1875 oppressam
487 1791 633 1872 tyrannis
655 1812 673 1852 e
700 1792 856 1853 servitute
883 1791 917 1852 in
944 1790 1127 1853 libertatem
1155 1791 1342 1853 vindicaret.

274 1897 339 1962 Sed
368 1898 475 1960 nescio
504 1918 569 1979 quo
596 1896 707 1977 modo,
732 1919 805 1960 cum
833 1919 906 1960 eum
935 1918 1030 1959 nemo
1056 1898 1193 1960 anteiret
1220 1898 1342 1960 virtu-

275 2006 393 2086 tibus,
416 2003 512 2066 multi
535 2002 744 2066 nobilitate
766 2010 1061 2086 praecucurrerimt.

363 2111 507 2175 Primum
539 2109 773 2192 Peloponnesio
808 2111 895 2174 bello
930 2110 1033 2173 multa
1066 2110 1120 2174 hic
1151 2132 1224 2174 cum
1255 2111 1405 2174 Alci-411

110 2210 123 2240 ⁶
178 2212 224 2239 '¹¹‘
275 2219 368 2282 binde
395 2218 507 2303 gessit,
539 2239 676 2300 quorum
706 2217 848 2280 fructum
876 2217 932 2280 ille
961 2217 1050 2281 solus
1080 2219 1232 2300 percepit.
1278 2217 1378 2282 Sedis

275 2325 333 2391 illa
368 2330 475 2387 tamen
511 2325 620 2386 omnia
656 2325 838 2386 communia
873 2334 948 2386 sunt
984 2325 1233 2407 imperatoribus
1268 2348 1342 2389 cum

276 2431 434 2495 militibus
456 2436 490 2492 et
511 2430 655 2512 fortuna,
677 2430 765 2513 quod
787 2431 821 2492 in
842 2430 957 2513 proelii
979 2452 1135 2495 concursu
1159 2433 1227 2496 abit
1250 2455 1301 2496 res
1323 2456 1342 2496 a

276 2538 410 2602 consilio
420 2538 461 2600 acl
471 2538 556 2600 vices
566 2558 672 2600 rerum
681 2537 899 2620 virtutemque
907 2539 1131 2621 pugnantium.
1144 2537 1259 2622 ltaque
1272 2541 1342 2602 iure

275 2667 334 2709 suo
353 2643 508 2708 nonnulla
526 2644 567 2707 ab
586 2644 778 2726 imperatore
796 2644 919 2724 mileS,
936 2644 1077 2726 plurima
1090 2668 1166 2709 vero
1184 2647 1379 2709 fortunam

275 2752 417 2815 vindicat
442 2773 540 2835 seque
566 2749 618 2813 his
646 2749 720 2833 plus
747 2750 885 2814 valuisse
912 2772 986 2813 vere
1015 2758 1122 2833 potest
1150 2754 1342 2836 praedicare.

363 2857 450 2923 Illud
487 2858 840 2943 magnificentissimum
876 2858 997 2920 factum
1038 2861 1253 2942 proprium
1293 2864 1342 2922 est

230 2980 234 2987 '
275 2966 478 3050 Thrasybuli
507 2965 592 3029 Nam
611 2986 693 3027 cum
715 2964 851 3048 triginta
869 2965 997 3045 tyranni
1016 2968 1192 3048 praepositi
1211 2990 1229 3030 a
1247 2966 1341 3029 Lace

275 3073 452 3135 daemoniis
480 3072 635 3135 servitute
662 3091 830 3152 oppressas
860 3074 1036 3134 tenerent
1058 3072 1217 3155 Athenae,
1243 3073 1342 3156 pluri·

276 3200 346 3242 mos
375 3179 473 3257 cives,
503 3177 620 3261 quibus
649 3177 683 3240 in
712 3176 799 3239 bello
831 3183 1016 3258 pepercerat
1045 3180 1189 3261 fortuna,
1223 3180 1341 3262 partim
1351 3197 1378 3236 sa

274 3286 380 3369 patria
398 3285 641 3369 expulissent
663 3284 782 3366 partim
805 3283 1110 3368 interfecissent,
1128 3286 1341 3368 plurimorum

276 3393 360 3458 bona
377 3393 542 3477 publicata
559 3392 644 3455 inter
661 3413 695 3455 se
714 3391 955 3473 divisissent,
978 3413 1041 3454 non
1061 3392 1166 3455 solum
1184 3393 1341 3475 princeps,

276 3501 331 3565 sed
354 3502 450 3564 etiam
474 3500 562 3565 solus
585 3500 679 3563 initio
702 3499 846 3561 bellum
874 3498 925 3559 iis
953 3498 1104 3561 indixit.

365 3608 398 3674 2.
422 3606 503 3672 Cum
540 3607 625 3670 enim
662 3604 795 3687 Thebis,
835 3625 899 3687 quo
941 3605 1143 3689 confugerat,
1179 3605 1342 3687 profectus

277 3714 413 3798 Phylen,
453 3715 539 3798 quod
575 3717 624 3777 est
660 3712 826 3775 castellum
863 3711 897 3773 in
933 3710 1044 3774 Attica
1080 3712 1406 3791 munitissimum,4bl

276 3822 508 3905 occupavisset,
542 3843 607 3884 non
639 3819 712 3903 plus
744 3817 858 3881 habuit
890 3839 997 3880 secum
1029 3819 1165 3902 triginta
1197 3819 1235 3881 de
1267 3818 1341 3880 suis.
1351 3837 1377 3876 ει

277 3927 358 3992 Hoc
389 3929 518 3991 initium
550 3928 614 3991 fuit
646 3924 759 3990 salutis
782 3923 980 4007 Atticorum,
1015 3923 1087 3987 hoe
1118 3926 1218 3989 robur
1248 3925 1341 3988 liber·

277 4036 353 4098 tatis
385 4035 578 4099 clarissimae
611 4033 760 4098 civitatis.
804 4031 935 4115 Neque
967 4053 1043 4094 vero
1077 4031 1131 4094 ille
1164 4054 1238 4095 uon
1270 4053 1341 4095 con-

277 4146 419 4225 temptus
442 4147 490 4206 est
512 4143 617 4226 primo
641 4165 659 4205 a
683 4140 828 4223 tyrannis
851 4143 948 4222 atque
971 4138 1039 4201 eius
1062 4137 1212 4202 solitudo.
1254 4137 1342 4214 Quae
