<?xml version="1.0" encoding="UTF-8"?>
<!DOCTYPE html PUBLIC "-//W3C//DTD XHTML 1.0 Transitional//EN"
    "http://www.w3.org/TR/xhtml1/DTD/xhtml1-transitional.dtd">
<html xmlns="http://www.w3.org/1999/xhtml" xml:lang="en" lang="en">
 <head>
  <title>
</title>
<meta http-equiv="Content-Type" content="text/html;charset=utf-8" />
  <meta name='ocr-system' content='tesseract 3.04.00' />
  <meta name='ocr-capabilities' content='ocr_page ocr_carea ocr_par ocr_line ocrx_word'/>
</head>
<body>
  <div class='ocr_page' id='page_1' title='image "./descorneliusnep00fggoog_0027.png"; bbox 0 0 2940 4710; ppageno 0'>
   <div class='ocr_carea' id='block_1_1' title="bbox 243 348 855 433">
    <p class='ocr_par' dir='ltr' id='par_1_1' title="bbox 243 348 855 433">
     <span class='ocr_line' id='line_1_1' title="bbox 243 348 855 433; baseline -0.025 -17"><span class='ocrx_word' id='word_1_1' title='bbox 243 354 286 418; x_wconf 76' lang='lat' dir='ltr'><strong>ao</strong></span> <span class='ocrx_word' id='word_1_2' title='bbox 712 348 855 433; x_wconf 51' lang='lat' dir='ltr'><strong>ornos„</strong></span> 
     </span>
    </p>
   </div>
   <div class='ocr_carea' id='block_1_2' title="bbox 18 512 1374 2836">
    <p class='ocr_par' dir='ltr' id='par_1_2' title="bbox 242 512 1332 1026">
     <span class='ocr_line' id='line_1_2' title="bbox 243 512 1308 596; baseline 0.004 -21"><span class='ocrx_word' id='word_1_3' title='bbox 243 512 400 576; x_wconf 89' lang='lat' dir='ltr'><strong>devictam</strong></span> <span class='ocrx_word' id='word_1_4' title='bbox 428 513 512 594; x_wconf 87' lang='lat' dir='ltr'><strong>cepit</strong></span> <span class='ocrx_word' id='word_1_5' title='bbox 539 513 714 596; x_wconf 89' lang='lat' dir='ltr'><strong>eodemque</strong></span> <span class='ocrx_word' id='word_1_6' title='bbox 742 513 792 576; x_wconf 92' lang='lat' dir='ltr'><strong>die</strong></span> <span class='ocrx_word' id='word_1_7' title='bbox 821 514 891 596; x_wconf 91' lang='lat' dir='ltr'><strong>pari</strong></span> <span class='ocrx_word' id='word_1_8' title='bbox 913 514 1043 578; x_wconf 86' lang='lat' dir='ltr'><strong>fortuna</strong></span> <span class='ocrx_word' id='word_1_9' title='bbox 1066 515 1101 578; x_wconf 90' lang='lat' dir='ltr'><strong>in</strong></span> <span class='ocrx_word' id='word_1_10' title='bbox 1123 519 1209 578; x_wconf 88' lang='lat' dir='ltr'><strong>terra</strong></span> <span class='ocrx_word' id='word_1_11' title='bbox 1232 538 1308 579; x_wconf 90' lang='lat' dir='ltr'><strong>usus</strong></span> 
     </span>
     <span class='ocr_line' id='line_1_3' title="bbox 242 618 1308 703; baseline 0.004 -22"><span class='ocrx_word' id='word_1_12' title='bbox 242 623 297 682; x_wconf 89' lang='lat' dir='ltr'><strong>est.</strong></span> <span class='ocrx_word' id='word_1_13' title='bbox 343 618 492 702; x_wconf 89' lang='lat' dir='ltr'><strong>Namque</strong></span> <span class='ocrx_word' id='word_1_14' title='bbox 522 619 666 684; x_wconf 91' lang='lat' dir='ltr'><strong>hostium</strong></span> <span class='ocrx_word' id='word_1_15' title='bbox 698 620 833 683; x_wconf 86' lang='lat' dir='ltr'><strong>navibus</strong></span> <span class='ocrx_word' id='word_1_16' title='bbox 866 621 968 703; x_wconf 89' lang='lat' dir='ltr'><strong>captis</strong></span> <span class='ocrx_word' id='word_1_17' title='bbox 1000 621 1110 685; x_wconf 88' lang='lat' dir='ltr'><strong>statim</strong></span> <span class='ocrx_word' id='word_1_18' title='bbox 1140 644 1179 684; x_wconf 86' lang='lat' dir='ltr'><strong>ex</strong></span> <span class='ocrx_word' id='word_1_19' title='bbox 1209 622 1308 685; x_wconf 88' lang='lat' dir='ltr'><strong>classe</strong></span> 
     </span>
     <span class='ocr_line' id='line_1_4' title="bbox 243 726 1308 810; baseline 0.002 -21"><span class='ocrx_word' id='word_1_20' title='bbox 243 726 350 809; x_wconf 88' lang='lat' dir='ltr'><strong>copias</strong></span> <span class='ocrx_word' id='word_1_21' title='bbox 382 747 455 790; x_wconf 86' lang='lat' dir='ltr'><strong>suas</strong></span> <span class='ocrx_word' id='word_1_22' title='bbox 487 727 598 790; x_wconf 83' lang='lat' dir='ltr'><strong>eduxit</strong></span> <span class='ocrx_word' id='word_1_23' title='bbox 634 727 908 810; x_wconf 89' lang='lat' dir='ltr'><strong>barbarorumque</strong></span> <span class='ocrx_word' id='word_1_24' title='bbox 940 729 1114 790; x_wconf 80' lang='lat' dir='ltr'>maximam</span> <span class='ocrx_word' id='word_1_25' title='bbox 1147 729 1212 792; x_wconf 90' lang='lat' dir='ltr'><strong>vim</strong></span> <span class='ocrx_word' id='word_1_26' title='bbox 1243 751 1308 791; x_wconf 91' lang='lat' dir='ltr'><strong>uno</strong></span> 
     </span>
     <span class='ocr_line' id='line_1_5' title="bbox 242 833 1308 918; baseline 0.002 -23"><span class='ocrx_word' id='word_1_27' title='bbox 242 854 397 896; x_wconf 77' lang='lat' dir='ltr'><strong>concursu</strong></span> <span class='ocrx_word' id='word_1_28' title='bbox 427 834 611 915; x_wconf 84' lang='lat' dir='ltr'><strong>prostravit.</strong></span> <span class='ocrx_word' id='word_1_29' title='bbox 657 833 708 896; x_wconf 83' lang='lat' dir='ltr'><strong>Ex</strong></span> <span class='ocrx_word' id='word_1_30' title='bbox 737 833 789 897; x_wconf 92' lang='lat' dir='ltr'><strong>his</strong></span> <span class='ocrx_word' id='word_1_31' title='bbox 819 835 980 898; x_wconf 89' lang='lat' dir='ltr'><strong>manubiis</strong></span> <span class='ocrx_word' id='word_1_32' title='bbox 1012 857 1068 898; x_wconf 85' lang='lat' dir='ltr'><strong>arx</strong></span> <span class='ocrx_word' id='word_1_33' title='bbox 1098 833 1308 918; x_wconf 73' lang='lat' dir='ltr'>Athenarum,</span> 
     </span>
     <span class='ocr_line' id='line_1_6' title="bbox 242 940 1332 1026; baseline 0.002 -24"><span class='ocrx_word' id='word_1_34' title='bbox 242 962 305 1024; x_wconf 89' lang='lat' dir='ltr'><strong>qua</strong></span> <span class='ocrx_word' id='word_1_35' title='bbox 328 940 368 1002; x_wconf 89' lang='lat' dir='ltr'><strong>ad</strong></span> <span class='ocrx_word' id='word_1_36' title='bbox 390 940 556 1004; x_wconf 92' lang='lat' dir='ltr'><strong>meridiem</strong></span> <span class='ocrx_word' id='word_1_37' title='bbox 579 941 697 1026; x_wconf 81' lang='lat' dir='ltr'><strong>vergit,</strong></span> <span class='ocrx_word' id='word_1_38' title='bbox 721 945 769 1004; x_wconf 87' lang='lat' dir='ltr'><strong>est</strong></span> <span class='ocrx_word' id='word_1_39' title='bbox 792 945 912 1004; x_wconf 88' lang='lat' dir='ltr'><strong>ornata.</strong></span> <span class='ocrx_word' id='word_1_40' title='bbox 1318 965 1332 1004; x_wconf 81' lang='lat'>5</span> 
     </span>
    </p>

    <p class='ocr_par' dir='ltr' id='par_1_3' title="bbox 20 1043 1374 1963">
     <span class='ocr_line' id='line_1_7' title="bbox 20 1043 1308 1130; baseline 0 -20"><span class='ocrx_word' id='word_1_41' title='bbox 20 1071 231 1111; x_wconf 56' lang='lat' dir='ltr'><strong>narraveram.</strong></span> <span class='ocrx_word' id='word_1_42' title='bbox 330 1043 364 1113; x_wconf 83' lang='grc'><strong>3.</strong></span> <span class='ocrx_word' id='word_1_43' title='bbox 385 1045 508 1122; x_wconf 80' lang='lat' dir='ltr'><strong>Quibus</strong></span> <span class='ocrx_word' id='word_1_44' title='bbox 527 1048 622 1110; x_wconf 86' lang='lat' dir='ltr'><strong>rebus</strong></span> <span class='ocrx_word' id='word_1_45' title='bbox 641 1069 713 1110; x_wconf 89' lang='lat' dir='ltr'><strong>cum</strong></span> <span class='ocrx_word' id='word_1_46' title='bbox 730 1069 813 1110; x_wconf 90' lang='lat' dir='ltr'><strong>unus</strong></span> <span class='ocrx_word' id='word_1_47' title='bbox 826 1048 860 1111; x_wconf 92' lang='lat' dir='ltr'><strong>in</strong></span> <span class='ocrx_word' id='word_1_48' title='bbox 875 1048 1004 1111; x_wconf 88' lang='lat' dir='ltr'><strong>civitate</strong></span> <span class='ocrx_word' id='word_1_49' title='bbox 1018 1048 1308 1130; x_wconf 79' lang='lat' dir='ltr'><strong>maxime&#39;floreret,</strong></span> 
     </span>
     <span class='ocr_line' id='line_1_8' title="bbox 242 1153 1307 1238; baseline 0.001 -22"><span class='ocrx_word' id='word_1_50' title='bbox 242 1153 355 1217; x_wconf 87' lang='lat' dir='ltr'><strong>incidit</strong></span> <span class='ocrx_word' id='word_1_51' title='bbox 392 1154 425 1216; x_wconf 92' lang='lat' dir='ltr'><strong>in</strong></span> <span class='ocrx_word' id='word_1_52' title='bbox 458 1153 590 1216; x_wconf 90' lang='lat' dir='ltr'><strong>eandem</strong></span> <span class='ocrx_word' id='word_1_53' title='bbox 623 1154 790 1238; x_wconf 83' lang='lat' dir='ltr'><strong>invidiam,</strong></span> <span class='ocrx_word' id='word_1_54' title='bbox 828 1155 862 1217; x_wconf 90' lang='lat' dir='ltr'><strong>in</strong></span> <span class='ocrx_word' id='word_1_55' title='bbox 895 1177 991 1238; x_wconf 93' lang='lat' dir='ltr'><strong>quam</strong></span> <span class='ocrx_word' id='word_1_56' title='bbox 1023 1158 1115 1238; x_wconf 90' lang='lat' dir='ltr'><strong>pater</strong></span> <span class='ocrx_word' id='word_1_57' title='bbox 1147 1155 1307 1238; x_wconf 90' lang='lat' dir='ltr'><strong>ceterique</strong></span> 
     </span>
     <span class='ocr_line' id='line_1_9' title="bbox 241 1258 1307 1346; baseline 0.002 -24"><span class='ocrx_word' id='word_1_58' title='bbox 241 1258 487 1324; x_wconf 79' lang='lat' dir='ltr'><strong>Atheniensium</strong></span> <span class='ocrx_word' id='word_1_59' title='bbox 514 1260 683 1343; x_wconf 81' lang='lat' dir='ltr'><strong>principes</strong></span> <span class='ocrx_word' id='word_1_60' title='bbox 729 1261 814 1325; x_wconf 88' lang='lat' dir='ltr'><strong>Nam</strong></span> <span class='ocrx_word' id='word_1_61' title='bbox 842 1265 998 1325; x_wconf 89' lang='lat' dir='ltr'><strong>testarum</strong></span> <span class='ocrx_word' id='word_1_62' title='bbox 1021 1261 1195 1346; x_wconf 83' lang='lat' dir='ltr'><strong>suffragiis,</strong></span> <span class='ocrx_word' id='word_1_63' title='bbox 1226 1283 1307 1345; x_wconf 89' lang='lat' dir='ltr'><strong>quae</strong></span> 
     </span>
     <span class='ocr_line' id='line_1_10' title="bbox 240 1366 1374 1451; baseline 0 -23"><span class='ocrx_word' id='word_1_64' title='bbox 240 1366 290 1429; x_wconf 91' lang='lat' dir='ltr'><strong>illi</strong></span> <span class='ocrx_word' id='word_1_65' title='bbox 314 1367 537 1431; x_wconf 88' lang='lat' dir='ltr'><strong>ostraeismum</strong></span> <span class='ocrx_word' id='word_1_66' title='bbox 559 1371 689 1451; x_wconf 87' lang='lat' dir='ltr'><strong>vocant,</strong></span> <span class='ocrx_word' id='word_1_67' title='bbox 713 1369 820 1430; x_wconf 90' lang='lat' dir='ltr'><strong>decem</strong></span> <span class='ocrx_word' id='word_1_68' title='bbox 845 1389 1000 1431; x_wconf 90' lang='lat' dir='ltr'><strong>annorum</strong></span> <span class='ocrx_word' id='word_1_69' title='bbox 1020 1367 1132 1431; x_wconf 85' lang='lat' dir='ltr'><strong>exsilio</strong></span> <span class='ocrx_word' id='word_1_70' title='bbox 1152 1367 1307 1431; x_wconf 89' lang='lat' dir='ltr'><strong>multatus</strong></span> <span class='ocrx_word' id='word_1_71' title='bbox 1316 1373 1374 1429; x_wconf 77' lang='lat'><strong>463</strong></span> 
     </span>
     <span class='ocr_line' id='line_1_11' title="bbox 241 1472 1344 1558; baseline 0 -22"><span class='ocrx_word' id='word_1_72' title='bbox 241 1477 297 1536; x_wconf 89' lang='lat' dir='ltr'><strong>est.</strong></span> <span class='ocrx_word' id='word_1_73' title='bbox 344 1472 443 1536; x_wconf 86' lang='lat' dir='ltr'><strong>Cuius</strong></span> <span class='ocrx_word' id='word_1_74' title='bbox 466 1473 544 1536; x_wconf 88' lang='lat' dir='ltr'><strong>facti</strong></span> <span class='ocrx_word' id='word_1_75' title='bbox 567 1473 701 1537; x_wconf 90' lang='lat' dir='ltr'><strong>celerius</strong></span> <span class='ocrx_word' id='word_1_76' title='bbox 719 1472 932 1538; x_wconf 78' lang='lat' dir='ltr'><strong>Athenienses</strong></span> <span class='ocrx_word' id='word_1_77' title='bbox 956 1498 1052 1558; x_wconf 92' lang='lat' dir='ltr'><strong>quam</strong></span> <span class='ocrx_word' id='word_1_78' title='bbox 1075 1474 1181 1558; x_wconf 92' lang='lat' dir='ltr'><strong>ipsum</strong></span> <span class='ocrx_word' id='word_1_79' title='bbox 1200 1475 1344 1557; x_wconf 89' lang='lat' dir='ltr'><strong>paeni-10</strong></span> 
     </span>
     <span class='ocr_line' id='line_1_12' title="bbox 240 1579 1306 1665; baseline 0.003 -23"><span class='ocrx_word' id='word_1_80' title='bbox 240 1580 312 1643; x_wconf 91' lang='lat' dir='ltr'><strong>tuit.</strong></span> <span class='ocrx_word' id='word_1_81' title='bbox 357 1579 443 1645; x_wconf 89' lang='lat' dir='ltr'><strong>Nam</strong></span> <span class='ocrx_word' id='word_1_82' title='bbox 480 1602 552 1643; x_wconf 93' lang='lat' dir='ltr'><strong>cum</strong></span> <span class='ocrx_word' id='word_1_83' title='bbox 589 1579 644 1643; x_wconf 84' lang='lat' dir='ltr'><strong>ille</strong></span> <span class='ocrx_word' id='word_1_84' title='bbox 681 1580 787 1645; x_wconf 89' lang='lat' dir='ltr'><strong>animo</strong></span> <span class='ocrx_word' id='word_1_85' title='bbox 821 1581 899 1644; x_wconf 88' lang='lat' dir='ltr'><strong>forti</strong></span> <span class='ocrx_word' id='word_1_86' title='bbox 930 1580 1068 1645; x_wconf 88' lang='lat' dir='ltr'><strong>invidiae</strong></span> <span class='ocrx_word' id='word_1_87' title='bbox 1104 1581 1306 1665; x_wconf 76' lang='lat' dir='ltr'><strong>ingratorum</strong></span> 
     </span>
     <span class='ocr_line' id='line_1_13' title="bbox 241 1686 1307 1771; baseline 0.001 -23"><span class='ocrx_word' id='word_1_88' title='bbox 241 1686 359 1750; x_wconf 82' lang='lat' dir='ltr'><strong>civium</strong></span> <span class='ocrx_word' id='word_1_89' title='bbox 390 1686 536 1750; x_wconf 81' lang='lat' dir='ltr'><strong>cessisset</strong></span> <span class='ocrx_word' id='word_1_90' title='bbox 567 1686 752 1771; x_wconf 88' lang='lat' dir='ltr'><strong>bellumque</strong></span> <span class='ocrx_word' id='word_1_91' title='bbox 783 1686 1027 1751; x_wconf 86' lang='lat' dir='ltr'><strong>Lacedaemonii</strong></span> <span class='ocrx_word' id='word_1_92' title='bbox 1055 1686 1307 1750; x_wconf 86' lang='lat' dir='ltr'><strong>Atheniensibus</strong></span> 
     </span>
     <span class='ocr_line' id='line_1_14' title="bbox 240 1793 1306 1877; baseline 0.001 -22"><span class='ocrx_word' id='word_1_93' title='bbox 240 1793 437 1877; x_wconf 87' lang='lat' dir='ltr'><strong>intulissent,</strong></span> <span class='ocrx_word' id='word_1_94' title='bbox 466 1793 634 1857; x_wconf 85' lang='lat' dir='ltr'><strong>confestim</strong></span> <span class='ocrx_word' id='word_1_95' title='bbox 657 1798 752 1857; x_wconf 87' lang='lat' dir='ltr'><strong>notae</strong></span> <span class='ocrx_word' id='word_1_96' title='bbox 775 1795 843 1857; x_wconf 88' lang='lat' dir='ltr'><strong>eius</strong></span> <span class='ocrx_word' id='word_1_97' title='bbox 867 1795 996 1858; x_wconf 86' lang='lat' dir='ltr'><strong>virtutis</strong></span> <span class='ocrx_word' id='word_1_98' title='bbox 1021 1793 1211 1858; x_wconf 88' lang='lat' dir='ltr'><strong>desiderium</strong></span> <span class='ocrx_word' id='word_1_99' title='bbox 1235 1815 1306 1856; x_wconf 89' lang='lat' dir='ltr'><strong>con-</strong></span> 
     </span>
     <span class='ocr_line' id='line_1_15' title="bbox 241 1903 465 1963; baseline 0.009 -2"><span class='ocrx_word' id='word_1_100' title='bbox 241 1903 385 1962; x_wconf 88' lang='lat' dir='ltr'><strong>secutum</strong></span> <span class='ocrx_word' id='word_1_101' title='bbox 409 1903 465 1963; x_wconf 89' lang='lat' dir='ltr'><strong>est.</strong></span> 
     </span>
    </p>

    <p class='ocr_par' dir='ltr' id='par_1_4' title="bbox 20 2003 1343 2091">
     <span class='ocr_line' id='line_1_16' title="bbox 20 2003 1343 2091; baseline -0.003 -19"><span class='ocrx_word' id='word_1_102' title='bbox 20 2031 42 2072; x_wconf 85' lang='lat' dir='ltr'><strong>o.</strong></span> <span class='ocrx_word' id='word_1_103' title='bbox 56 2032 115 2072; x_wconf 76' lang='lat' dir='ltr'><strong>wira</strong></span> <span class='ocrx_word' id='word_1_104' title='bbox 135 2033 231 2072; x_wconf 71' lang='lat' dir='ltr'><strong>maei-</strong></span> <span class='ocrx_word' id='word_1_105' title='bbox 328 2003 442 2089; x_wconf 88' lang='lat' dir='ltr'><strong>ltaque</strong></span> <span class='ocrx_word' id='word_1_106' title='bbox 465 2011 539 2089; x_wconf 92' lang='lat' dir='ltr'><strong>post</strong></span> <span class='ocrx_word' id='word_1_107' title='bbox 562 2029 681 2070; x_wconf 89' lang='lat' dir='ltr'><strong>annum</strong></span> <span class='ocrx_word' id='word_1_108' title='bbox 701 2007 862 2091; x_wconf 90' lang='lat' dir='ltr'><strong>quintum,</strong></span> <span class='ocrx_word' id='word_1_109' title='bbox 887 2029 982 2090; x_wconf 88' lang='lat' dir='ltr'><strong>quam</strong></span> <span class='ocrx_word' id='word_1_110' title='bbox 1002 2007 1153 2089; x_wconf 87' lang='lat' dir='ltr'><strong>expulsus</strong></span> <span class='ocrx_word' id='word_1_111' title='bbox 1172 2010 1252 2089; x_wconf 92' lang='lat' dir='ltr'><strong>erat,</strong></span> <span class='ocrx_word' id='word_1_112' title='bbox 1272 2007 1306 2068; x_wconf 88' lang='lat' dir='ltr'><strong>in</strong></span> <span class='ocrx_word' id='word_1_113' title='bbox 1317 2029 1343 2068; x_wconf 82' lang='lat'><strong>15</strong></span> 
     </span>
    </p>

    <p class='ocr_par' dir='ltr' id='par_1_5' title="bbox 18 2095 1373 2836">
     <span class='ocr_line' id='line_1_17' title="bbox 18 2095 1372 2198; baseline -0.001 -23"><span class='ocrx_word' id='word_1_114' title='bbox 18 2095 115 2144; x_wconf 43' lang='grc' dir='ltr'><strong>ἕπε’]</strong></span> <span class='ocrx_word' id='word_1_115' title='bbox 124 2107 145 2134; x_wconf 77' lang='grc'><strong>““</strong></span> <span class='ocrx_word' id='word_1_116' title='bbox 156 2096 229 2134; x_wconf 55' lang='lat' dir='ltr'><strong><em>m</em></strong></span> <span class='ocrx_word' id='word_1_117' title='bbox 239 2113 378 2195; x_wconf 87' lang='lat' dir='ltr'><strong>patriam</strong></span> <span class='ocrx_word' id='word_1_118' title='bbox 400 2118 568 2177; x_wconf 80' lang='lat' dir='ltr'><strong>revocatus</strong></span> <span class='ocrx_word' id='word_1_119' title='bbox 590 2117 647 2177; x_wconf 88' lang='lat' dir='ltr'><strong>est.</strong></span> <span class='ocrx_word' id='word_1_120' title='bbox 685 2112 747 2189; x_wconf 79' lang='lat' dir='ltr'><strong>Qui</strong></span> <span class='ocrx_word' id='word_1_121' title='bbox 770 2114 856 2198; x_wconf 94' lang='lat' dir='ltr'><strong>quod</strong></span> <span class='ocrx_word' id='word_1_122' title='bbox 877 2113 1019 2196; x_wconf 91' lang='lat' dir='ltr'><strong>hospitio</strong></span> <span class='ocrx_word' id='word_1_123' title='bbox 1042 2112 1372 2176; x_wconf 76' lang='lat' dir='ltr'><strong>Lacedaemonio-458</strong></span> 
     </span>
     <span class='ocr_line' id='line_1_18' title="bbox 240 2218 1304 2303; baseline -0.002 -21"><span class='ocrx_word' id='word_1_124' title='bbox 240 2241 310 2282; x_wconf 91' lang='lat' dir='ltr'><strong>rum</strong></span> <span class='ocrx_word' id='word_1_125' title='bbox 340 2220 503 2303; x_wconf 89' lang='lat' dir='ltr'><strong>utebatur,</strong></span> <span class='ocrx_word' id='word_1_126' title='bbox 533 2221 648 2284; x_wconf 90' lang='lat' dir='ltr'><strong>melius</strong></span> <span class='ocrx_word' id='word_1_127' title='bbox 676 2221 862 2284; x_wconf 85' lang='lat' dir='ltr'><strong>existimans</strong></span> <span class='ocrx_word' id='word_1_128' title='bbox 886 2220 1075 2283; x_wconf 85' lang='lat' dir='ltr'><strong>contendere</strong></span> <span class='ocrx_word' id='word_1_129' title='bbox 1098 2218 1304 2282; x_wconf 71' lang='lat' dir='ltr'><strong>Lacedaemo-</strong></span> 
     </span>
     <span class='ocr_line' id='line_1_19' title="bbox 241 2325 1370 2410; baseline -0.003 -21"><span class='ocrx_word' id='word_1_130' title='bbox 241 2348 313 2389; x_wconf 91' lang='lat' dir='ltr'><strong>nem</strong></span> <span class='ocrx_word' id='word_1_131' title='bbox 337 2348 394 2389; x_wconf 90' lang='lat' dir='ltr'><strong>sua</strong></span> <span class='ocrx_word' id='word_1_132' title='bbox 416 2330 530 2409; x_wconf 90' lang='lat' dir='ltr'><strong>sponte</strong></span> <span class='ocrx_word' id='word_1_133' title='bbox 554 2331 602 2391; x_wconf 88' lang='lat' dir='ltr'><strong>est</strong></span> <span class='ocrx_word' id='word_1_134' title='bbox 624 2326 786 2410; x_wconf 89' lang='lat' dir='ltr'><strong>profectus</strong></span> <span class='ocrx_word' id='word_1_135' title='bbox 804 2348 978 2410; x_wconf 88' lang='lat' dir='ltr'><strong>pacemque</strong></span> <span class='ocrx_word' id='word_1_136' title='bbox 996 2327 1080 2389; x_wconf 89' lang='lat' dir='ltr'><strong>inter</strong></span> <span class='ocrx_word' id='word_1_137' title='bbox 1100 2325 1177 2387; x_wconf 91' lang='lat' dir='ltr'><strong>duas</strong></span> <span class='ocrx_word' id='word_1_138' title='bbox 1196 2329 1370 2406; x_wconf 76' lang='lat' dir='ltr'><strong>poten-451</strong></span> 
     </span>
     <span class='ocr_line' id='line_1_20' title="bbox 240 2431 1373 2514; baseline -0.003 -19"><span class='ocrx_word' id='word_1_139' title='bbox 240 2432 380 2495; x_wconf 90' lang='lat' dir='ltr'><strong>tissimas</strong></span> <span class='ocrx_word' id='word_1_140' title='bbox 411 2433 556 2497; x_wconf 87' lang='lat' dir='ltr'><strong>civitates</strong></span> <span class='ocrx_word' id='word_1_141' title='bbox 587 2433 777 2497; x_wconf 87' lang='lat' dir='ltr'><strong>conciliavit.</strong></span> <span class='ocrx_word' id='word_1_142' title='bbox 822 2432 923 2496; x_wconf 88' lang='lat' dir='ltr'><strong>Paulo</strong></span> <span class='ocrx_word' id='word_1_143' title='bbox 953 2437 1027 2514; x_wconf 88' lang='lat' dir='ltr'><strong>post</strong></span> <span class='ocrx_word' id='word_1_144' title='bbox 1058 2431 1199 2514; x_wconf 78' lang='lat' dir='ltr'><strong>Cyprum</strong></span> <span class='ocrx_word' id='word_1_145' title='bbox 1232 2452 1305 2493; x_wconf 89' lang='lat' dir='ltr'><strong>cum</strong></span> <span class='ocrx_word' id='word_1_146' title='bbox 1315 2438 1373 2492; x_wconf 72' lang='lat'><strong>449</strong></span> 
     </span>
     <span class='ocr_line' id='line_1_21' title="bbox 241 2538 1342 2623; baseline -0.004 -21"><span class='ocrx_word' id='word_1_147' title='bbox 241 2539 385 2604; x_wconf 87' lang='lat' dir='ltr'><strong>ducentis</strong></span> <span class='ocrx_word' id='word_1_148' title='bbox 408 2540 544 2603; x_wconf 86' lang='lat' dir='ltr'><strong>navibus</strong></span> <span class='ocrx_word' id='word_1_149' title='bbox 566 2540 741 2623; x_wconf 88' lang='lat' dir='ltr'><strong>imperator</strong></span> <span class='ocrx_word' id='word_1_150' title='bbox 763 2539 892 2622; x_wconf 88' lang='lat' dir='ltr'><strong>missus,</strong></span> <span class='ocrx_word' id='word_1_151' title='bbox 916 2559 988 2601; x_wconf 84' lang='lat' dir='ltr'><strong>cum</strong></span> <span class='ocrx_word' id='word_1_152' title='bbox 1007 2538 1161 2601; x_wconf 90' lang='lat' dir='ltr'><strong>maiorem</strong></span> <span class='ocrx_word' id='word_1_153' title='bbox 1180 2541 1304 2618; x_wconf 90' lang='lat' dir='ltr'><strong>partem</strong></span> <span class='ocrx_word' id='word_1_154' title='bbox 1315 2561 1342 2599; x_wconf 84' lang='lat'><strong>20</strong></span> 
     </span>
     <span class='ocr_line' id='line_1_22' title="bbox 240 2643 1304 2730; baseline -0.004 -21"><span class='ocrx_word' id='word_1_155' title='bbox 240 2646 362 2709; x_wconf 91' lang='lat' dir='ltr'><strong>insulae</strong></span> <span class='ocrx_word' id='word_1_156' title='bbox 391 2645 570 2730; x_wconf 78' lang='lat' dir='ltr'><strong>devicisset,</strong></span> <span class='ocrx_word' id='word_1_157' title='bbox 594 2647 628 2710; x_wconf 91' lang='lat' dir='ltr'><strong>in</strong></span> <span class='ocrx_word' id='word_1_158' title='bbox 655 2647 804 2709; x_wconf 88' lang='lat' dir='ltr'><strong>morbum</strong></span> <span class='ocrx_word' id='word_1_159' title='bbox 832 2645 1008 2727; x_wconf 89' lang='lat' dir='ltr'><strong>implicitus</strong></span> <span class='ocrx_word' id='word_1_160' title='bbox 1031 2643 1065 2706; x_wconf 90' lang='lat' dir='ltr'><strong>in</strong></span> <span class='ocrx_word' id='word_1_161' title='bbox 1089 2644 1304 2727; x_wconf 85' lang='lat' dir='ltr'><strong>oppugnando</strong></span> 
     </span>
     <span class='ocr_line' id='line_1_23' title="bbox 241 2752 719 2836; baseline -0.002 -19"><span class='ocrx_word' id='word_1_162' title='bbox 241 2753 358 2836; x_wconf 92' lang='lat' dir='ltr'><strong>oppido</strong></span> <span class='ocrx_word' id='word_1_163' title='bbox 383 2752 468 2816; x_wconf 92' lang='lat' dir='ltr'><strong>Citio</strong></span> <span class='ocrx_word' id='word_1_164' title='bbox 493 2757 541 2816; x_wconf 89' lang='lat' dir='ltr'><strong>est</strong></span> <span class='ocrx_word' id='word_1_165' title='bbox 564 2756 719 2816; x_wconf 92' lang='lat' dir='ltr'><strong>mortuus.</strong></span> 
     </span>
    </p>
   </div>
   <div class='ocr_carea' id='block_1_3' title="bbox 31 2855 1304 2937">
    <p class='ocr_par' dir='ltr' id='par_1_6' title="bbox 31 2855 1304 2937">
     <span class='ocr_line' id='line_1_24' title="bbox 31 2855 1304 2937; baseline -0.012 -9"><span class='ocrx_word' id='word_1_166' title='bbox 31 2887 216 2937; x_wconf 57' lang='grc' dir='ltr'><strong>σηκὶς-κως-</strong></span> <span class='ocrx_word' id='word_1_167' title='bbox 328 2856 361 2927; x_wconf 82' lang='grc'><strong>4.</strong></span> <span class='ocrx_word' id='word_1_168' title='bbox 385 2859 598 2924; x_wconf 89' lang='lat' dir='ltr'><strong>Athenienses</strong></span> <span class='ocrx_word' id='word_1_169' title='bbox 621 2859 787 2924; x_wconf 79' lang='lat' dir='ltr'><strong>Cimonem</strong></span> <span class='ocrx_word' id='word_1_170' title='bbox 811 2880 876 2921; x_wconf 88' lang='lat' dir='ltr'><strong>non</strong></span> <span class='ocrx_word' id='word_1_171' title='bbox 904 2857 1007 2920; x_wconf 89' lang='lat' dir='ltr'><strong>solum</strong></span> <span class='ocrx_word' id='word_1_172' title='bbox 1035 2858 1076 2918; x_wconf 87' lang='lat' dir='ltr'><strong>in</strong></span> <span class='ocrx_word' id='word_1_173' title='bbox 1099 2855 1218 2934; x_wconf 88' lang='lat' dir='ltr'><strong>bello,</strong></span> <span class='ocrx_word' id='word_1_174' title='bbox 1249 2855 1304 2914; x_wconf 89' lang='lat' dir='ltr'><strong>sed</strong></span> 
     </span>
    </p>
   </div>
   <div class='ocr_carea' id='block_1_4' title="bbox 31 2950 1342 4111">
    <p class='ocr_par' dir='ltr' id='par_1_7' title="bbox 31 2950 1342 4111">
     <span class='ocr_line' id='line_1_25' title="bbox 31 2950 1304 3063; baseline -0.009 -30"><span class='ocrx_word' id='word_1_175' title='bbox 31 2950 216 3063; x_wconf 48' lang='lat' dir='ltr'><strong>k‘ffffissssu*</strong></span> <span class='ocrx_word' id='word_1_176' title='bbox 240 2967 337 3030; x_wconf 90' lang='lat' dir='ltr'><strong>etiam</strong></span> <span class='ocrx_word' id='word_1_177' title='bbox 374 2968 413 3030; x_wconf 91' lang='lat' dir='ltr'><strong>in</strong></span> <span class='ocrx_word' id='word_1_178' title='bbox 448 2988 538 3049; x_wconf 90' lang='lat' dir='ltr'><strong>pace</strong></span> <span class='ocrx_word' id='word_1_179' title='bbox 576 2967 630 3028; x_wconf 92' lang='lat' dir='ltr'><strong>diu</strong></span> <span class='ocrx_word' id='word_1_180' title='bbox 663 2965 929 3028; x_wconf 87' lang='lat' dir='ltr'><strong>desideraverunt.</strong></span> <span class='ocrx_word' id='word_1_181' title='bbox 984 2961 1060 3023; x_wconf 82' lang='lat' dir='ltr'><strong>Fuit</strong></span> <span class='ocrx_word' id='word_1_182' title='bbox 1096 2959 1181 3022; x_wconf 89' lang='lat' dir='ltr'><strong>enim</strong></span> <span class='ocrx_word' id='word_1_183' title='bbox 1213 2962 1304 3021; x_wconf 88' lang='lat' dir='ltr'><strong>tanta</strong></span> 
     </span>
     <span class='ocr_line' id='line_1_26' title="bbox 239 3065 1341 3155; baseline -0.008 -18"><span class='ocrx_word' id='word_1_184' title='bbox 239 3073 446 3155; x_wconf 77' lang='lat' dir='ltr'><strong>liberalitate,</strong></span> <span class='ocrx_word' id='word_1_185' title='bbox 470 3076 526 3154; x_wconf 87' lang='lat' dir='ltr'><strong>ut,</strong></span> <span class='ocrx_word' id='word_1_186' title='bbox 551 3093 623 3133; x_wconf 90' lang='lat' dir='ltr'><strong>cum</strong></span> <span class='ocrx_word' id='word_1_187' title='bbox 646 3069 865 3152; x_wconf 88' lang='lat' dir='ltr'><strong>compluribus</strong></span> <span class='ocrx_word' id='word_1_188' title='bbox 884 3066 963 3129; x_wconf 87' lang='lat' dir='ltr'><strong>loeis</strong></span> <span class='ocrx_word' id='word_1_189' title='bbox 981 3066 1111 3149; x_wconf 90' lang='lat' dir='ltr'><strong>praedia</strong></span> <span class='ocrx_word' id='word_1_190' title='bbox 1128 3065 1303 3147; x_wconf 90' lang='lat' dir='ltr'><strong>hortosque</strong></span> <span class='ocrx_word' id='word_1_191' title='bbox 1314 3089 1341 3129; x_wconf 82' lang='lat'><strong>25</strong></span> 
     </span>
     <span class='ocr_line' id='line_1_27' title="bbox 238 3172 1303 3260; baseline -0.008 -18"><span class='ocrx_word' id='word_1_192' title='bbox 238 3180 384 3260; x_wconf 89' lang='lat' dir='ltr'><strong>haberet,</strong></span> <span class='ocrx_word' id='word_1_193' title='bbox 417 3199 592 3259; x_wconf 90' lang='lat' dir='ltr'><strong>numquam</strong></span> <span class='ocrx_word' id='word_1_194' title='bbox 624 3177 658 3239; x_wconf 92' lang='lat' dir='ltr'><strong>in</strong></span> <span class='ocrx_word' id='word_1_195' title='bbox 690 3175 735 3238; x_wconf 89' lang='lat' dir='ltr'><strong>eis</strong></span> <span class='ocrx_word' id='word_1_196' title='bbox 766 3173 930 3237; x_wconf 90' lang='lat' dir='ltr'><strong>custodem</strong></span> <span class='ocrx_word' id='word_1_197' title='bbox 958 3176 1129 3256; x_wconf 90' lang='lat' dir='ltr'><strong>poneret,</strong></span> <span class='ocrx_word' id='word_1_198' title='bbox 1161 3193 1200 3234; x_wconf 91' lang='lat' dir='ltr'><strong>ne</strong></span> <span class='ocrx_word' id='word_1_199' title='bbox 1231 3172 1303 3253; x_wconf 93' lang='lat' dir='ltr'><strong>quis</strong></span> 
     </span>
     <span class='ocr_line' id='line_1_28' title="bbox 239 3277 1303 3368; baseline -0.009 -19"><span class='ocrx_word' id='word_1_200' title='bbox 239 3285 461 3368; x_wconf 88' lang='lat' dir='ltr'><strong>impediretur,</strong></span> <span class='ocrx_word' id='word_1_201' title='bbox 492 3283 663 3366; x_wconf 92' lang='lat' dir='ltr'><strong>quominus</strong></span> <span class='ocrx_word' id='word_1_202' title='bbox 691 3281 736 3344; x_wconf 90' lang='lat' dir='ltr'><strong>eis</strong></span> <span class='ocrx_word' id='word_1_203' title='bbox 759 3281 867 3363; x_wconf 89' lang='lat' dir='ltr'><strong>rebus,</strong></span> <span class='ocrx_word' id='word_1_204' title='bbox 898 3280 1015 3363; x_wconf 92' lang='lat' dir='ltr'><strong>quibus</strong></span> <span class='ocrx_word' id='word_1_205' title='bbox 1040 3278 1174 3361; x_wconf 92' lang='lat' dir='ltr'><strong>quisque</strong></span> <span class='ocrx_word' id='word_1_206' title='bbox 1197 3277 1303 3359; x_wconf 85' lang='lat' dir='ltr'><strong>vellet,</strong></span> 
     </span>
     <span class='ocr_line' id='line_1_29' title="bbox 238 3384 1302 3472; baseline -0.012 -16"><span class='ocrx_word' id='word_1_207' title='bbox 238 3394 406 3456; x_wconf 89' lang='lat' dir='ltr'><strong>frueretur.</strong></span> <span class='ocrx_word' id='word_1_208' title='bbox 454 3389 586 3472; x_wconf 83' lang='lat' dir='ltr'><strong>Semper</strong></span> <span class='ocrx_word' id='word_1_209' title='bbox 615 3411 687 3452; x_wconf 93' lang='lat' dir='ltr'><strong>eum</strong></span> <span class='ocrx_word' id='word_1_210' title='bbox 715 3387 798 3452; x_wconf 85' lang='lat' dir='ltr'><strong>servi</strong></span> <span class='ocrx_word' id='word_1_211' title='bbox 826 3409 898 3450; x_wconf 91' lang='lat' dir='ltr'><strong>cum</strong></span> <span class='ocrx_word' id='word_1_212' title='bbox 926 3385 1066 3448; x_wconf 90' lang='lat' dir='ltr'><strong>nummis</strong></span> <span class='ocrx_word' id='word_1_213' title='bbox 1093 3388 1168 3447; x_wconf 93' lang='lat' dir='ltr'><strong>sunt</strong></span> <span class='ocrx_word' id='word_1_214' title='bbox 1192 3384 1302 3464; x_wconf 90' lang='lat' dir='ltr'><strong>secuti,</strong></span> 
     </span>
     <span class='ocr_line' id='line_1_30' title="bbox 239 3488 1303 3582; baseline -0.014 -18"><span class='ocrx_word' id='word_1_215' title='bbox 239 3504 293 3582; x_wconf 90' lang='lat' dir='ltr'><strong>ut,</strong></span> <span class='ocrx_word' id='word_1_216' title='bbox 317 3500 345 3562; x_wconf 92' lang='lat' dir='ltr'><strong>si</strong></span> <span class='ocrx_word' id='word_1_217' title='bbox 369 3499 440 3582; x_wconf 93' lang='lat' dir='ltr'><strong>quis</strong></span> <span class='ocrx_word' id='word_1_218' title='bbox 465 3496 535 3579; x_wconf 91' lang='lat' dir='ltr'><strong>opis</strong></span> <span class='ocrx_word' id='word_1_219' title='bbox 557 3495 728 3580; x_wconf 84' lang='lat' dir='ltr'><strong>indigeret,</strong></span> <span class='ocrx_word' id='word_1_220' title='bbox 756 3495 926 3576; x_wconf 89' lang='lat' dir='ltr'><strong>haberet,</strong></span> <span class='ocrx_word' id='word_1_221' title='bbox 955 3491 1041 3574; x_wconf 92' lang='lat' dir='ltr'><strong>quod</strong></span> <span class='ocrx_word' id='word_1_222' title='bbox 1070 3489 1179 3552; x_wconf 89' lang='lat' dir='ltr'><strong>statim</strong></span> <span class='ocrx_word' id='word_1_223' title='bbox 1204 3488 1303 3571; x_wconf 91' lang='lat' dir='ltr'><strong>daret,</strong></span> 
     </span>
     <span class='ocr_line' id='line_1_31' title="bbox 239 3593 1342 3686; baseline -0.013 -16"><span class='ocrx_word' id='word_1_224' title='bbox 239 3630 278 3671; x_wconf 90' lang='lat' dir='ltr'><strong>ne</strong></span> <span class='ocrx_word' id='word_1_225' title='bbox 294 3605 467 3669; x_wconf 88' lang='lat' dir='ltr'><strong>differendo</strong></span> <span class='ocrx_word' id='word_1_226' title='bbox 481 3603 644 3666; x_wconf 87' lang='lat' dir='ltr'><strong>videretur</strong></span> <span class='ocrx_word' id='word_1_227' title='bbox 657 3623 783 3686; x_wconf 84' lang='lat' dir='ltr'><strong>negare.</strong></span> <span class='ocrx_word' id='word_1_228' title='bbox 817 3599 917 3682; x_wconf 83' lang='lat' dir='ltr'><strong>Saepe</strong></span> <span class='ocrx_word' id='word_1_229' title='bbox 932 3619 1004 3660; x_wconf 89' lang='lat' dir='ltr'><strong>cum</strong></span> <span class='ocrx_word' id='word_1_230' title='bbox 1019 3596 1158 3678; x_wconf 88' lang='lat' dir='ltr'><strong>aliquem</strong></span> <span class='ocrx_word' id='word_1_231' title='bbox 1172 3593 1303 3657; x_wconf 85' lang='lat' dir='ltr'><strong>videbat</strong></span> <span class='ocrx_word' id='word_1_232' title='bbox 1313 3618 1342 3656; x_wconf 82' lang='lat' dir='ltr'><strong>so</strong></span> 
     </span>
     <span class='ocr_line' id='line_1_32' title="bbox 238 3697 1302 3792; baseline -0.014 -15"><span class='ocrx_word' id='word_1_233' title='bbox 238 3715 345 3777; x_wconf 92' lang='lat' dir='ltr'><strong>minus</strong></span> <span class='ocrx_word' id='word_1_234' title='bbox 380 3713 460 3776; x_wconf 91' lang='lat' dir='ltr'><strong>bene</strong></span> <span class='ocrx_word' id='word_1_235' title='bbox 492 3710 658 3792; x_wconf 86' lang='lat' dir='ltr'><strong>vestitum,</strong></span> <span class='ocrx_word' id='word_1_236' title='bbox 694 3731 788 3772; x_wconf 91' lang='lat' dir='ltr'><strong>suum</strong></span> <span class='ocrx_word' id='word_1_237' title='bbox 821 3704 994 3770; x_wconf 87' lang='lat' dir='ltr'><strong>amiculum</strong></span> <span class='ocrx_word' id='word_1_238' title='bbox 1027 3701 1122 3765; x_wconf 86' lang='lat' dir='ltr'><strong>dedit.</strong></span> <span class='ocrx_word' id='word_1_239' title='bbox 1177 3697 1302 3762; x_wconf 78' lang='lat' dir='ltr'><strong>Cotidie</strong></span> 
     </span>
     <span class='ocr_line' id='line_1_33' title="bbox 239 3804 1302 3900; baseline -0.017 -17"><span class='ocrx_word' id='word_1_240' title='bbox 239 3821 293 3884; x_wconf 91' lang='lat' dir='ltr'><strong>sic</strong></span> <span class='ocrx_word' id='word_1_241' title='bbox 326 3842 402 3882; x_wconf 91' lang='lat' dir='ltr'><strong>cena</strong></span> <span class='ocrx_word' id='word_1_242' title='bbox 430 3817 459 3881; x_wconf 89' lang='lat' dir='ltr'><strong>ei</strong></span> <span class='ocrx_word' id='word_1_243' title='bbox 486 3816 695 3900; x_wconf 89' lang='lat' dir='ltr'><strong>coquebatur,</strong></span> <span class='ocrx_word' id='word_1_244' title='bbox 728 3819 781 3897; x_wconf 92' lang='lat' dir='ltr'><strong>ut,</strong></span> <span class='ocrx_word' id='word_1_245' title='bbox 815 3833 895 3896; x_wconf 89' lang='lat' dir='ltr'><strong>quos</strong></span> <span class='ocrx_word' id='word_1_246' title='bbox 923 3811 1087 3873; x_wconf 87' lang='lat' dir='ltr'><strong>invocatos</strong></span> <span class='ocrx_word' id='word_1_247' title='bbox 1114 3804 1245 3869; x_wconf 85' lang='lat' dir='ltr'><strong>vidisset</strong></span> <span class='ocrx_word' id='word_1_248' title='bbox 1268 3805 1302 3867; x_wconf 91' lang='lat' dir='ltr'><strong>in</strong></span> 
     </span>
     <span class='ocr_line' id='line_1_34' title="bbox 238 3912 1301 4010; baseline -0.019 -20"><span class='ocrx_word' id='word_1_249' title='bbox 238 3928 321 4010; x_wconf 85' lang='lat' dir='ltr'><strong>foro,</strong></span> <span class='ocrx_word' id='word_1_250' title='bbox 346 3947 456 3990; x_wconf 94' lang='lat' dir='ltr'><strong>omnes</strong></span> <span class='ocrx_word' id='word_1_251' title='bbox 479 3925 519 3988; x_wconf 92' lang='lat' dir='ltr'><strong>ad</strong></span> <span class='ocrx_word' id='word_1_252' title='bbox 538 3946 571 3988; x_wconf 87' lang='lat' dir='ltr'><strong>se</strong></span> <span class='ocrx_word' id='word_1_253' title='bbox 594 3926 735 4005; x_wconf 72' lang='lat' dir='ltr'><strong>vocaret,</strong></span> <span class='ocrx_word' id='word_1_254' title='bbox 759 3919 845 4004; x_wconf 93' lang='lat' dir='ltr'><strong>quod</strong></span> <span class='ocrx_word' id='word_1_255' title='bbox 863 3918 967 3980; x_wconf 87' lang='lat' dir='ltr'><strong>facere</strong></span> <span class='ocrx_word' id='word_1_256' title='bbox 985 3913 1074 3977; x_wconf 93' lang='lat' dir='ltr'><strong>nullo</strong></span> <span class='ocrx_word' id='word_1_257' title='bbox 1095 3912 1145 3974; x_wconf 90' lang='lat' dir='ltr'><strong>die</strong></span> <span class='ocrx_word' id='word_1_258' title='bbox 1163 3913 1301 3993; x_wconf 88' lang='lat' dir='ltr'><strong>praeter-</strong></span> 
     </span>
     <span class='ocr_line' id='line_1_35' title="bbox 238 4016 1301 4111; baseline -0.02 -12"><span class='ocrx_word' id='word_1_259' title='bbox 238 4035 397 4098; x_wconf 91' lang='lat' dir='ltr'><strong>mittebat.</strong></span> <span class='ocrx_word' id='word_1_260' title='bbox 433 4031 542 4098; x_wconf 91' lang='lat' dir='ltr'><strong>Nulli</strong></span> <span class='ocrx_word' id='word_1_261' title='bbox 564 4031 644 4094; x_wconf 90' lang='lat' dir='ltr'><strong>fides</strong></span> <span class='ocrx_word' id='word_1_262' title='bbox 662 4030 743 4111; x_wconf 87' lang='lat' dir='ltr'><strong>eius,</strong></span> <span class='ocrx_word' id='word_1_263' title='bbox 766 4025 866 4089; x_wconf 93' lang='lat' dir='ltr'><strong>nulli</strong></span> <span class='ocrx_word' id='word_1_264' title='bbox 890 4043 998 4105; x_wconf 91' lang='lat' dir='ltr'><strong>opera,</strong></span> <span class='ocrx_word' id='word_1_265' title='bbox 1022 4017 1120 4081; x_wconf 90' lang='lat' dir='ltr'><strong>nulli</strong></span> <span class='ocrx_word' id='word_1_266' title='bbox 1143 4038 1192 4078; x_wconf 91' lang='lat' dir='ltr'><strong>res</strong></span> <span class='ocrx_word' id='word_1_267' title='bbox 1211 4016 1301 4078; x_wconf 88' lang='lat' dir='ltr'><strong>fami-</strong></span> 
     </span>
    </p>
   </div>
   <div class='ocr_carea' id='block_1_5' title="bbox 237 4125 1341 4224">
    <p class='ocr_par' dir='ltr' id='par_1_8' title="bbox 237 4125 1341 4224">
     <span class='ocr_line' id='line_1_36' title="bbox 237 4125 1341 4224; baseline -0.02 -18"><span class='ocrx_word' id='word_1_268' title='bbox 237 4141 326 4205; x_wconf 90' lang='lat' dir='ltr'><strong>liaris</strong></span> <span class='ocrx_word' id='word_1_269' title='bbox 350 4141 465 4224; x_wconf 87' lang='lat' dir='ltr'><strong>defuit,</strong></span> <span class='ocrx_word' id='word_1_270' title='bbox 488 4139 631 4202; x_wconf 91' lang='lat' dir='ltr'><strong>multos</strong></span> <span class='ocrx_word' id='word_1_271' title='bbox 654 4131 876 4217; x_wconf 79' lang='lat' dir='ltr'><strong>locupletavit,</strong></span> <span class='ocrx_word' id='word_1_272' title='bbox 900 4125 1115 4209; x_wconf 89' lang='lat' dir='ltr'><strong>complures</strong></span> <span class='ocrx_word' id='word_1_273' title='bbox 1138 4143 1341 4203; x_wconf 76' lang='lat' dir='ltr'><strong>pauperes,³s</strong></span> 
     </span>
    </p>
   </div>
   <div class='ocr_carea' id='block_1_6' title="bbox 0 0 1474 4710">
    <p class='ocr_par' dir='ltr' id='par_1_9' title="bbox 0 0 1474 4710">
     <span class='ocr_line' id='line_1_37' title="bbox 0 0 1474 4710; baseline 0 1"><span class='ocrx_word' id='word_1_274' title='bbox 0 0 1474 4710; x_wconf 95' lang='lat' dir='ltr'><strong> </strong></span> 
     </span>
    </p>
   </div>
  </div>
 </body>
</html>
