2940 4710
441 381 442 384 κ
516 357 740 441 Anaxnunaa
757 356 917 414 uacuus.
1204 363 1247 426 53
1280 427 1283 432 ,

272 520 406 586 Interim
437 545 571 609 magnae
594 522 764 586 Persarum
793 523 903 605 copiae
926 519 1097 584 Memnbne
1120 520 1247 585 Rhodio
1259 546 1301 585 na
1313 545 1423 613 scurrone
1433 555 1458 586 11

183 630 262 692 duce
286 629 326 692 ad
348 627 520 693 Granicum
543 630 675 712 flumen,
699 628 786 712 quod
808 629 842 691 in
862 627 1108 711 Hellespontum
1132 628 1248 712 influit,
1301 607 1424 648 ⁰¹²¹¹¹¹m⁵

184 740 288 799 castra
327 740 513 820 posuerant,
554 741 591 800 ut
627 735 816 798 Maceddnes
853 735 991 798 transitu
1032 734 1248 818 prohiberent.

183 842 365 906 Alexander
396 865 485 927 vero,
517 843 591 906 etsi
623 842 731 906 hostes
764 846 797 905 et
824 864 956 905 numero
981 841 1122 905 militum
1146 842 1248 905 multo

159 949 363 1032 ssuperiores
386 954 477 1013 erant
500 954 532 1013 et
554 949 686 1012 flumine
715 949 876 1032 profundo
900 948 1038 1030 altisque
1061 949 1141 1032 ripis
1163 953 1248 1033 tege·

184 1056 314 1138 bantur,
351 1059 476 1119 tamen
505 1056 657 1137 ¹omnium
688 1056 813 1138 primus
845 1077 918 1118 cum
951 1055 1096 1138 equitatu
1128 1055 1248 1118 flumen

182 1162 359 1244 perrupit
391 1167 487 1246 atque
520 1163 553 1225 in
584 1162 692 1227 hostes
725 1163 881 1244 impetum
905 1162 995 1246 fecit,
1029 1162 1152 1244 pedites
1176 1184 1247 1225 con-

181 1269 290 1350 festim
336 1270 559 1352 sequebantur.
621 1268 697 1333 Non
736 1291 836 1351 parva
881 1273 949 1332 erat
995 1268 1169 1332 difficultas
1214 1269 1247 1331 in

183 1376 334 1439 ulteriore
366 1375 437 1459 ripa
469 1376 641 1439 consistere
675 1397 711 1438 ac
743 1375 839 1438 simul
870 1397 1022 1460 pugnare.
1067 1374 1138 1438 Rex
1171 1376 1247 1459 ipse,

147 1504 255 1545 iocum
275 1482 372 1545 armis
392 1482 581 1565 conspicuus
600 1485 695 1565 esset,
719 1482 753 1544 in
774 1504 935 1544 summum
953 1481 1131 1564 periculum
1151 1482 1246 1546 venit.

182 1588 267 1653 Nam
291 1589 354 1652 duo
377 1589 547 1652 fortissimi
578 1588 721 1652 hostium
755 1589 849 1652 duces
873 1611 945 1652 eum
970 1588 1247 1674 aggrediebantur,

183 1717 319 1779 quorum
357 1695 438 1759 alter
469 1696 533 1759 iam
566 1695 673 1781 gladio
706 1695 830 1780 galeam
863 1696 931 1759 eius
963 1696 1111 1780 fregerat.
1164 1695 1246 1758 Tum

183 1801 287 1865 Clitus
324 1802 476 1866 advolans
513 1825 621 1888 regem
658 1802 761 1885 clipeo
798 1789 860 1865 suo
893 1803 1023 1888 tegebat
1057 1806 1089 1865 et
1120 1802 1246 1866 hostem
1257 1826 1335 1864 1111111
1345 1827 1415 1866 aaa
1424 1825 1458 1866 uu

183 1908 290 1994 gladio
314 1909 484 1973 transfixit.
531 1909 585 1974 Sic
608 1932 664 1973 rex
688 1910 727 1972 ab
752 1909 886 1972 interitu
909 1913 1053 1972 servatus
1079 1914 1135 1973 est.
1322 1887 1406 1936 KQ

148 2037 172 2076 15
271 2014 395 2078 Deinde
418 2037 535 2100 magna
557 2015 728 2079 Persarum
756 2015 866 2078 caedes
889 2015 975 2078 facta
998 2020 1053 2079 est.
1100 2015 1246 2100 Denique
1263 2039 1305 2078 rue
1319 2040 1458 2080 renorma

182 2122 343 2205 plerisque
367 2122 502 2185 ducibus
534 2112 644 2186 eord'm
678 2122 790 2186 occisis
822 2126 854 2185 et
887 2122 1037 2205 equites
1069 2123 1102 2185 in
1135 2123 1246 2207 fugam
1263 2103 1308 2140 ‘¹⁶¹¹
1322 2103 1458 2152 ⁸⁰⁸⁰h¹⁸⁸⁰¹²

183 2229 318 2292 coniecti
333 2233 408 2292 sunt
426 2233 458 2292 et
476 2229 625 2312 pedites
643 2229 791 2293 resistere
806 2229 1005 2292 destiterunt.
1039 2228 1108 2304 Quo
1123 2229 1246 2312 proelio

182 2334 363 2398 Alexander
385 2357 504 2418 paucos
528 2336 669 2419 quidem,
693 2335 748 2399 sed
770 2335 964 2399 fortissimos
987 2336 1095 2399 amisit
1118 2336 1247 2420 milites,

183 2463 262 2525 quos
287 2464 396 2506 omnes
420 2463 492 2505 cum
521 2443 618 2506 armis
646 2442 815 2527 magnifice
844 2442 973 2525 sepeliri
1002 2442 1108 2527 iussit,
1139 2443 1245 2507 vulne·

146 2554 269 2612 aoratos
291 2548 440 2612 laudibus
457 2549 509 2612 vel
532 2549 624 2612 donis
643 2549 824 2613 consolatus
843 2554 904 2632 est,
929 2549 1078 2613 omnibus
1096 2572 1246 2635 magnam

181 2655 316 2738 praedae
352 2659 477 2737 partem
514 2655 631 2719 divisit.
686 2655 757 2719 Hac
793 2656 943 2719 comitate
980 2677 1017 2718 ac
1052 2656 1246 2729 liberalitate

183 2761 327 2825 omnium
364 2761 488 2824 animos
521 2762 584 2824 sibi
616 2762 694 2824 adeo
727 2761 923 2844 conciliavit,
960 2766 1001 2824 ut
1037 2762 1101 2825 iam
1133 2784 1245 2834 ,nemo

181 2869 282 2932 vitam
305 2889 364 2950 pro
388 2867 447 2931 tali
470 2890 558 2952 rege,
591 2868 647 2950 qui
678 2868 769 2931 vivos
801 2872 1008 2950 mortuosque
1031 2869 1101 2951 pari
1124 2868 1245 2932 honore

183 2975 329 3058 haberet,
352 2975 546 3057 profundere
570 2974 773 3038 dubitaret.

146 3104 172 3144 rs
270 3079 303 3146 t.
326 3081 396 3145 Hac
423 3081 559 3145 victoria
589 3082 711 3145 factum
743 3085 804 3165 est,
836 3086 873 3144 ut
905 3103 1022 3166 magna
1052 3104 1127 3164 pars
1150 3081 1246 3145 Asiae
1255 3105 1282 3144 A.
1290 3104 1458 3145 noscamur

182 3188 316 3251 minoris
339 3189 379 3250 ad
402 3210 475 3251 eum
499 3189 659 3272 deficeret3
696 3187 845 3252 Miletum
869 3192 900 3252 et
924 3187 1185 3252 Halicarnassum
1209 3189 1246 3251 vi
1327 3169 1392 3208 ”⁸³⁰⁰

182 3294 387 3378 expugnavit.
432 3293 615 3358 Praefectos
638 3295 756 3380 regios,
790 3295 846 3378 qui
871 3295 1091 3378 compluribus
1113 3295 1192 3359 locis
1216 3296 1245 3358 ei

145 3423 147 3425 ’
182 3401 336 3466 obsistere
351 3400 561 3485 conabantur,
584 3401 648 3464 iam
662 3402 768 3465 minus
788 3402 884 3465 armis
904 3424 1000 3484 quam
1020 3403 1090 3485 ipso
1107 3401 1245 3464 nominis

181 3513 303 3572 terrore
323 3508 494 3591 superavit.
508 3545 552 3554 -
565 3506 659 3572 Unde
678 3530 751 3572 cum
766 3507 921 3572 Gordium
935 3508 1140 3591 pervenisset,
1160 3508 1246 3591 quod
1269 3535 1315 3574 ner
1327 3533 1454 3574 eororam

145 3620 250 3680 ecerat
273 3615 426 3698 oppidum
446 3614 530 3678 inter
548 3615 701 3678 maiorem
721 3619 753 3679 et
766 3607 928 3679 ¹minorem
942 3614 1118 3700 Phrygiam
1138 3614 1245 3698 situm,
1314 3596 1414 3637 ΚΜ·

182 3724 215 3786 in
234 3721 355 3806 templo
374 3720 460 3785 Ibvis
480 3719 592 3784 Gordii
615 3722 700 3807 regis
719 3743 847 3785 currum
866 3722 1021 3785 reservari
1045 3721 1245 3805 comperit,

181 3830 278 3894 nodo
292 3829 436 3892 lororum
450 3829 484 3892 in
499 3828 574 3913 iugo
589 3827 861 3912 inexplicabili
875 3828 972 3914 vulgo
982 3832 1103 3892 notum.
1127 3825 1245 3891 Incolis

182 3936 294 4000 deinde
321 3935 558 3999 affirmantibus
586 3934 750 3998 oraculum
778 3957 858 4018 esse,
890 3937 944 4017 qai
965 3937 1080 4001 nodum
1102 3936 1246 4020 solvisset,

180 4064 251 4108 eum.
281 4043 364 4108 Asia
389 4044 578 4128 potiturum,
614 4041 693 4125 ille,
732 4063 804 4105 cum
836 4042 929 4105 nodis
961 4042 1158 4126 explicandis
1191 4042 1245 4106 diu

145 4149 301 4213 asfrustra
333 4171 462 4232 operam
496 4149 646 4232 dedisset,
679 4143 784 4214 ‘nibil'
819 4149 947 4232 inquit
974 4143 1123 4235 ‘interest
1158 4170 1244 4233 quo·
