2940 4710
273 362 315 425 60
606 356 832 411 ALEXANDER
850 357 1011 413 MAGNUS.

272 519 401 583 videndi
425 521 567 605 cupidi,
597 521 723 585 aliisi
747 521 968 605 occurrebant,
991 526 1097 585 totum
1121 522 1184 586 iter
1205 523 1340 588 floribus

273 627 462 710 coronisque
493 629 754 711 consternebant,
783 650 859 691 aras
890 629 1098 692 exstruebant
1128 629 1340 713 omnibusque

272 733 424 797 odoribus
448 735 664 819 complebant,
689 735 758 798 alii
782 735 864 798 dona
888 735 1077 818 offerebant,
1101 734 1134 798 in
1157 735 1209 799 his
1232 759 1340 820 equoS,

271 840 393 924 leones,
416 841 596 923 pantheras

62 963 124 1012 uuor
137 972 248 1022 Babylon.
360 945 466 1030 Ipsius
485 949 574 1012 urbis
592 949 798 1032 pulchritudo
819 969 856 1012 ac
874 952 1016 1012 vetustas
1035 971 1100 1012 non
1119 950 1216 1035 regis
1234 952 1362 1035 modo,5

272 1055 328 1119 sed
351 1055 448 1118 etiam
468 1056 634 1121 omniurn
659 1054 768 1119 oculos
787 1053 902 1118 merito
926 1053 1016 1119 inse
1041 1055 1206 1120 convertit.
1240 1056 1338 1121 Serni-
1430 1092 1466 1175 ἓ

271 1162 369 1225 ramis
392 1160 503 1246 regina
526 1184 597 1224 eam
621 1160 814 1225 condiderat.
860 1160 946 1224 Muri
970 1163 1106 1226 altitudo
1135 1164 1340 1249 septuaginta

272 1268 412 1352 quinque
426 1268 544 1351 pedum
559 1272 640 1352 erat,
659 1267 796 1331 latitudo
811 1271 902 1331 tanta
916 1273 997 1352 erat,
1016 1273 1052 1332 ut
1068 1271 1241 1355 quadrigae
1256 1271 1340 1336 inter

270 1398 303 1439 se
332 1378 556 1439 concurrentes
588 1374 656 1438 sine
682 1374 825 1458 periculo
855 1396 1032 1439 commeare
1059 1381 1197 1459 possent.
1252 1377 1339 1442 Pons

269 1483 414 1566 lapideus
438 1482 471 1544 in
494 1481 660 1564 Euphrate
683 1481 788 1545 factus
811 1482 924 1545 urbem
948 1481 1109 1567 iungebat.
1155 1481 1187 1547 Is
1211 1487 1339 1568 qudque
1350 1505 1376 1546 10

270 1589 303 1652 in
323 1594 445 1672 septem
465 1589 598 1652 orientis
616 1587 845 1651 miraculorum
864 1611 996 1652 numero
1015 1589 1202 1654 habebatur.
1237 1590 1340 1675 Super

270 1719 374 1761 arcem
407 1696 545 1780 pensiles
577 1695 627 1758 illi
654 1695 742 1758 horti
774 1699 878 1778 erant,
910 1695 965 1778 qui
993 1718 1152 1760 summam
1175 1699 1339 1764 moenium

270 1802 474 1867 altitudinem
513 1805 685 1885 aequantes
722 1802 837 1865 umbra
869 1823 905 1864 ac
936 1803 1128 1885 proceritate
1163 1804 1339 1869 multarum

270 1912 422 1974 arborum
450 1909 656 1973 excellebant.
681 1907 817 1971 -Rex
846 1909 967 1972 diutius
995 1909 1028 1972 in
1055 1909 1116 1973 hac
1139 1911 1218 1974 urbe
1242 1934 1339 1995 quam

270 2040 405 2102 usquam
433 2020 577 2080 versatus
605 2020 653 2078 est
680 2037 783 2098 neque
811 2015 897 2078 ullus
926 2015 1007 2079 alius
1034 2016 1123 2080 locus
1152 2018 1338 2102 disciplinae
1350 2040 1375 2079 15

269 2123 403 2188 militari
441 2124 514 2207 plus
540 2123 669 2187 nocuit.
723 2122 809 2187 Nam
846 2122 928 2185 nihil
964 2122 1108 2187 moribus
1144 2125 1213 2188 eius
1248 2126 1339 2212 urbis

271 2230 451 2314 corruptius
480 2235 561 2312 erat,
590 2253 671 2312 quae
700 2229 849 2292 omnibus
877 2230 973 2293 rebus
1003 2230 1192 2316 abundaret,
1220 2233 1338 2316 quibus
1425 2285 1426 2288 η

270 2338 459 2401 immodicae
484 2336 675 2419 cupiditates
698 2335 910 2399 incitarentur
933 2340 1029 2420 atque
1053 2338 1264 2421 explerentur.
1292 2391 1295 2397 ,

62 2485 74 2504 i
88 2466 175 2506 casata
189 2466 252 2506 susa.
359 2440 413 2508 lli.
428 2441 489 2506 Illo
504 2447 648 2526 tempore
667 2447 825 2506 exercitus
843 2442 1065 2526 supplemento
1081 2446 1337 2528 quattuordecim

270 2550 396 2614 milium
420 2550 575 2632 militum,
603 2571 683 2633 quos
706 2548 865 2632 Amyntas
894 2572 912 2612 a
935 2549 1123 2614 Macedonia
1153 2552 1337 2638 adduxerat,
1348 2573 1375 2612 20

270 2663 382 2721 auctus
400 2661 456 2720 est.
491 2655 561 2732 Quo
576 2656 662 2719 facto
677 2678 733 2719 rex
748 2656 788 2718 ad
803 2654 884 2718 Susa
898 2643 1061 2738 profectus
1076 2662 1132 2722 est.
1170 2658 1240 2722 Hac
1259 2660 1337 2724 urbe

268 2787 325 2847 per
342 2764 560 2847 proditionem
580 2767 672 2846 capta
691 2761 888 2843 incredibilis
906 2764 973 2826 fere
991 2763 1040 2827 vis
1060 2764 1129 2827 auri
1148 2766 1337 2851 argentique

268 2876 395 2954 reperta
431 2875 487 2934 est.
539 2869 653 2954 Itaque
687 2892 775 2953 cpeS,
814 2892 893 2952 quas
925 2870 1020 2933 multi
1052 2893 1143 2957 reges
1178 2896 1245 2957 per
1279 2879 1338 2938 tot

269 3000 386 3042 annos
413 2977 523 3041 liberis
546 2978 746 3060 posterisque
775 2998 812 3039 eo
841 2976 1055 3061 contulerant,
1083 3001 1156 3042 una
1182 2980 1275 3045 hora
1303 2981 1337 3044 in

268 3106 381 3147 manus
414 3084 537 3147 externi
570 3084 655 3168 regis
688 3082 783 3146 dedit.
835 3080 874 3144 In
906 3084 1016 3147 cadem
1048 3086 1127 3149 urbe
1154 3085 1338 3152 Alexander
1347 3107 1374 3145 aa

268 3195 404 3253 matrem
431 3189 613 3273 liberosque
643 3188 740 3252 Darei
764 3189 907 3273 reliquit,
938 3212 1020 3254 uxor
1047 3191 1114 3256 eius
1146 3192 1211 3256 iam
1243 3198 1337 3257 antea

269 3297 433 3361 doloribus
464 3297 563 3360 animi
593 3295 816 3379 continuisque
846 3296 971 3360 itineris
998 3297 1164 3362 laboribus
1192 3301 1337 3364 confecta

269 3405 453 3468 decesserat.

62 3531 80 3572 i.
95 3533 162 3572 ruore
176 3544 250 3583 gagen
359 3510 448 3574 Susis
471 3509 654 3574 Alexander
683 3511 723 3573 ad
746 3512 991 3595 expugnandam
1014 3512 1225 3597 Persepblim,
1250 3515 1336 3597 quod

84 3595 220 3644 P⁰m⁰p⁰¹il
269 3622 365 3700 caput
406 3622 475 3680 erat
507 3618 608 3681 totius
636 3619 726 3701 regni
755 3617 939 3701 Persarum,
977 3623 1080 3682 castra
1108 3621 1218 3684 movit.
1273 3619 1336 3684 Sed
1345 3640 1373 3679 co

269 3725 302 3788 in
330 3747 367 3788 eo
397 3725 513 3788 itinere
540 3723 720 3809 angustiae,
752 3747 830 3807 quas
857 3724 907 3787 illi
935 3723 1064 3789 Susides
1091 3727 1184 3810 pylas
1211 3730 1336 3810 vocant,

267 3831 336 3916 regi
369 3831 539 3913 capiendae
576 3835 679 3913 erant,
717 3854 797 3914 quae
831 3831 871 3894 ab
907 3829 1124 3896 Ariobarzane
1160 3834 1335 3897 fortissime

268 3938 527 4002 defendebantur.
572 3936 670 4001 Multi
688 3936 878 4001 Macedones
901 3938 947 4001 ibi
970 3938 1161 4004 interierunt
1189 3963 1207 4004 a
1229 3939 1336 4004 Persis

267 4046 352 4108 saxis
380 4045 571 4129 sagittisque
600 4065 616 4106 e
645 4043 809 4108 montibus
836 4044 943 4108 missis
973 4046 1091 4131 necati3
1122 4047 1252 4110 tandem
1279 4068 1336 4110 rex

267 4174 340 4215 curn
378 4152 501 4216 minore
535 4154 626 4234 parte
660 4151 819 4214 exercitus
852 4151 998 4236 longiore
1032 4154 1085 4216 via
1117 4176 1175 4237 per
1213 4153 1371 4217 mediosu
