2940 4710
542 358 763 414 ALCIBIADES.
1143 362 1185 426 25

120 524 160 587 ad
182 523 377 607 publicam
396 545 463 586 rem
482 524 669 606 pertineret,
693 545 829 608 magnus
847 521 1048 586 multitudini
1071 522 1186 585 timor

120 634 179 694 est
202 630 383 713 iniectus,
407 652 447 693 ne
471 633 534 713 qua
557 631 724 713 repentina
741 631 791 693 vis
810 630 843 692 in
862 629 991 693 civitate
1010 621 1185 712 exsisteret,

119 759 200 820 quae
223 737 406 800 libertatem
429 737 542 820 populi
565 718 768 820 opprimeret.
838 741 845 792 J

148 842 150 847 ’
208 843 278 907 Hoc
297 844 435 907 maxime
450 844 618 907 convenire
634 844 667 906 in
681 842 881 916 Alcibiadem
896 843 1076 924 videbatur,
1100 843 1186 926 quod
1195 866 1221 904 A.
1232 865 1390 905 commenda

97 955 151 1014 set
188 951 353 1033 potentior
394 955 425 1014 et
466 951 569 1014 maior
610 972 705 1033 quam
746 950 891 1033 privatus
932 950 1184 1014 existimabatur.
1208 928 1390 1030 pvffiffiffi

119 1056 263 1121 Multos
286 1057 371 1120 enim
390 1057 584 1121 liberalitate
604 1058 802 1140 devinxerat,
824 1057 953 1141 plures
972 1057 1070 1120 etiam
1089 1068 1184 1140 opera
1256 1053 1345 1092 lma·

118 1164 240 1228 forensi
258 1185 333 1227 suos
351 1164 540 1228 reddiderat.
579 1163 648 1240 Qua
666 1187 700 1227 re
719 1164 830 1246 fiebat,
849 1168 885 1227 ut
905 1162 1048 1228 omnium
1067 1163 1185 1248 oculos,

120 1271 405 1354 quotienscumque
429 1271 463 1333 in
487 1271 654 1354 publicum
677 1271 848 1353 prodisset,
872 1270 912 1333 ad
931 1271 963 1333 se
987 1275 1186 1334 converteret

119 1401 221 1461 neque
254 1379 284 1440 ei
314 1399 373 1461 par
405 1377 574 1460 quisquam
607 1378 641 1440 in
673 1378 802 1440 civitate
833 1381 1013 1460 poneretur.
1072 1375 1185 1460 Itaque

84 1508 108 1545 ιο
118 1507 184 1548 non
207 1484 311 1548 solum
335 1505 438 1566 spem
468 1484 502 1547 in
532 1506 569 1547 eo
599 1483 761 1547 habebant
790 1484 977 1567 maximam,
1009 1485 1184 1548 sedetiam

118 1592 307 1673 timorem,
345 1591 432 1674 quod
473 1595 505 1654 et
546 1590 896 1674 obesse·plurimum
933 1595 965 1654 et
1005 1591 1184 1674 prodesse

117 1701 252 1780 poterat.
294 1695 535 1782 Aspergebatur
558 1697 656 1761 etiam
675 1697 819 1780 infamia,
843 1697 930 1780 quod
952 1698 986 1760 in
1010 1698 1104 1762 domo
1128 1720 1186 1762 sua

117 1805 221 1867 facere
244 1804 397 1886 mysteria
425 1804 590 1868 dicebatur
614 1802 715 1890 (quod
737 1804 826 1867 nefas
849 1807 918 1866 erat
940 1827 1029 1868 more
1051 1804 1184 1869 Atheni-

118 1908 270 1996 ensium),
302 1910 398 1994 idque
426 1932 491 1974 non
519 1911 559 1974 ad
586 1911 828 1995 religionem,
861 1911 916 1974 sed
943 1911 984 1973 ad
1011 1912 1184 1974 coniura-

83 2017 261 2081 utionem
283 2017 443 2100 pertinere
466 2017 718 2080 existimabatur.
1112 2017 1114 2021 ⁴

206 2119 239 2190 4.
263 2123 334 2187 Hoc
368 2123 500 2186 crimine
533 2123 566 2186 in
596 2124 745 2188 contione
775 2124 815 2186 ab
845 2123 984 2186 inimicis
1014 2124 1182 2207 compella·
1215 2146 1257 2185 nie
1272 2145 1380 2196 sunago

117 2230 221 2293 batur.
268 2229 330 2293 Sed
353 2229 494 2293 instabat
516 2234 643 2313 tempus
665 2231 706 2293 ad
728 2216 849 2294 bellum
872 2231 1101 2313 proficiscendi.
1147 2208 1389 2320 IdWi¹25ffgss⁰0ffl1⁰

118 2336 172 2399 ille
196 2337 323 2399 intuens
342 2358 444 2419 neque
464 2336 615 2421 ignorans
634 2337 753 2400 civium
772 2358 904 2400 suorum
923 2337 1184 2402 consuetudinem
1297 2347 1299 2350 ‘

117 2443 315 2527 postulabat,
342 2451 389 2527 ut,
412 2446 441 2508 εί
463 2446 596 2526 quidde
617 2465 648 2509 se
670 2446 723 2526 apt
744 2445 864 2528 oetleul,
890 2447 995 2526 potius
1017 2447 1053 2509 de
1075 2467 1185 2527 proe-

82 2558 217 2616 aoseute
245 2549 381 2632 quaestio
404 2551 575 2633 baberetur,
607 2571 701 2632 quam
732 2551 862 2615 absens
893 2553 1029 2616 incidiae
1057 2554 1185 2616 erimine
1223 2637 1225 2642 ,

117 2663 319 2722 accusaretur.
365 2654 493 2720 Inimici
520 2678 596 2720 vero
620 2657 689 2720 eius
711 2659 923 2738 quiescendum
945 2660 979 2722 tn
1001 2661 1184 2743 praesentia,

118 2763 194 2847 quia
208 2763 325 2826 'noceri
348 2763 377 2825 ei
407 2784 472 2826 non
501 2784 595 2845 posse
625 2763 867 2848 intellegebant,
900 2771 928 2828 et
958 2765 1038 2829 illud
1068 2770 1184 2848 ternpus

117 2872 349 2954 exspectandum
382 2869 645 2952 decreverunt,
678 2890 736 2950 prro
766 2872 874 2935 elassis
901 2876 1022 2954 exisset,
1055 2877 1090 2934 ut
1121 2872 1182 2936 ab·

117 2984 253 3042 sentem
275 2979 517 3061 uppredereutur,
541 2976 650 3059 itaque
673 2976 825 3039 fecerunt.
864 2978 866 2982 ”

47 3130 49 3137 .
82 3107 107 3147 aa
205 3083 290 3151 Nam
322 3088 494 3167 postquam
527 3084 561 3146 in
591 3082 735 3146 Siciliam
768 3104 841 3145 eum
872 3083 1054 3165 pervenisse
1086 3085 1183 3148 credi·
1201 3107 1228 3146 n.
1243 3108 1288 3146 son
1301 3119 1343 3148 vor
1357 3105 1390 3148 oa

118 3192 245 3273 derunt,
269 3191 447 3274 absentem,
470 3193 563 3273 quod
584 3211 692 3255 saera
710 3191 894 3274 violartsset,
917 3212 1007 3253 reum
1030 3191 1182 3255 fecerunt.
1192 3170 1254 3209 'im
1264 3169 1390 3210 ⁰³⁸⁰¹¹⁰i¹²⁶¹

119 3295 188 3372 Qua
220 3297 258 3359 de
294 3319 328 3360 re
362 3318 434 3360 cum
471 3297 500 3360 ei
536 3297 668 3359 nuntius
701 3319 719 3359 a
751 3296 942 3381 magistratu
974 3297 1008 3359 in
1040 3295 1183 3360 Siciliam
1274 3334 1280 3353 1
1373 3352 1375 3356 ,

117 3403 233 3467 missus
253 3408 348 3488 esset,
371 3410 407 3468 ut
423 3406 547 3470 domum
566 3405 608 3468 ad
624 3423 750 3468 ceresam
768 3405 928 3468 dicendum
945 3404 1068 3486 rediret,
1089 3406 1183 3467 esset·

118 3533 179 3594 que
203 3511 237 3572 in
260 3533 377 3596 magna
400 3533 455 3594 spe
478 3509 661 3593 provinciae
691 3509 771 3572 bene
795 3509 1077 3591 administrandae,
1109 3531 1183 3572 non

81 3628 252 3699 eoparere
271 3617 398 3681 noluit
417 3621 449 3681 et
468 3618 501 3680 in
517 3617 694 3699 triremem,
714 3638 794 3699 quae
809 3617 936 3679 adeum
951 3616 1181 3699 deportandum

117 3724 215 3786 missa
238 3727 319 3807 erat,
343 3724 535 3788 conscendit.

206 3829 276 3893 Hac
299 3829 438 3894 Thurios
470 3831 504 3894 in
532 3828 661 3894 Italiam
693 3834 909 3914 pervectus,
941 3830 1044 3893 multa
1076 3852 1182 3894 secum
1219 3855 1245 3894 A.
1260 3855 1335 3906 arant,
1352 3855 1378 3894 n

116 3939 299 4020 repdtans
331 3937 368 4000 de
398 3937 608 4000 immoderata
636 3937 754 4001 civium
781 3959 912 4001 suorum
934 3937 1065 4001 licentia
1087 3942 1183 4021 atque
1192 3918 1332 4031 effi&
1342 3917 1390 4019 {22¹

52 4049 55 4054 ’
117 4043 363 4107 crudelitatem
386 4043 523 4127 nobiles,
553 4043 772 4108 utilissimum¹
785 4067 853 4108 esse
883 4043 1095 4131 arbitratus
1125 4045 1182 4107 im·
1255 4042 1344 4090 θρω-

81 4151 308 4233 rependentem
338 4151 457 4214 evitare
487 4154 723 4234 tempestatem,
754 4151 836 4215 clam
866 4173 903 4214 se
933 4151 973 4214 ab
998 4151 1183 4215 custodibus
