2940 4710
709 365 917 422 AGESILAUS.

661 635 728 702 XI.
753 633 956 716 Agesilaus.

278 767 313 824 A.
337 766 413 841 Kap.
436 769 467 824 1:
492 767 528 824 A..
552 766 627 824 wird
649 767 749 845 Konig
771 769 803 825 in
827 767 944 843 Sparta.

278 874 312 932 B.
336 873 411 949 Kap.
433 877 532 932 2-7:
557 872 644 931 Scine
667 874 881 933 Wirksamkeit
903 875 952 932 fur
975 866 1098 950 Spartas
1123 874 1232 936 Grdsse.

337 956 369 1042 a)
392 962 468 1037 Kap.
490 965 508 1020 2
531 962 593 1020 und
609 966 650 1041 Ι31
678 963 714 1021 A.
738 964 874 1041 belniegt
904 965 950 1022 die
980 965 1086 1023 Perser
1113 966 1145 1023 in
1172 965 1345 1025 Kleinasien
1372 979 1377 986 '

395 1052 452 1109 mit
474 1051 589 1128 Erfolg.
1241 1108 1243 1112 .
1355 1072 1368 1112 5

334 1133 367 1219 b)
390 1140 465 1215 Kap.
490 1144 509 1199 4
538 1141 600 1198 und
629 1145 662 1200 5:
699 1141 736 1200 A.
764 1143 881 1216 k'e'rmpft
906 1131 957 1200 im‘
978 1138 1209 1202 Korinthisclren
1236 1144 1345 1222 Kriege

396 1221 480 1310 (Sieg
502 1229 551 1286 bei
572 1223 733 1307 Koronea).

337 1311 367 1398 c)
391 1319 467 1394 Kap.
493 1321 510 1378 6
544 1319 606 1376 und
635 1323 662 1394 7,
690 1319 802 1378 Absatz
827 1324 859 1378 1:
891 1320 926 1378 A.
961 1321 1077 1379 schiitzt
1109 1321 1217 1397 Sparta
1250 1343 1345 1400 gegen

327 1406 332 1416 ”
392 1408 623 1483 Epaminondas.

279 1513 308 1571 O.
333 1515 408 1589 Kap.
434 1518 462 1588 7,
490 1514 602 1572 Absatz
632 1517 650 1574 2
682 1516 744 1572 und
771 1517 847 1591 Kap.
872 1519 906 1576 8:
945 1515 1030 1574 Scine
1062 1517 1252 1576 Einfachheit
1282 1519 1381 1577 undro

336 1603 543 1678 kdrperliohen
558 1604 798 1680 Eigenschaften.
824 1605 892 1663 Sein
914 1606 1021 1663 letzter
1035 1606 1099 1682 Zug
1117 1607 1193 1665 nach
1203 1593 1345 1684 Agypten

335 1693 396 1749 und
420 1693 483 1750 sein
507 1693 578 1751 Tod.

370 1809 401 1876 l.
426 1810 598 1896 Agesilaus
616 1812 891 1876 'Lacedaemonius
919 1836 1001 1878 cum
1029 1837 1047 1878 a
1070 1814 1184 1878 ceteris
1211 1816 1344 1899 scripto-

64 1909 139 2001 „sswe‘”
152 1912 220 2002 „uz
230 1912 268 2002 ζ,
277 1917 366 1981 ribus
396 1922 474 1981 tum
505 1918 621 1981 eximie
653 1942 671 1982 a
703 1919 916 2003 Xenophonte
947 1920 1109 1985 Socratico
1145 1922 1345 1986 collaudatus

277 2029 338 2108 est,
369 2047 406 2087 eo
437 2025 522 2088 enim
555 2047 632 2088 usus
663 2031 711 2089 est
745 2026 1003 2091 familiarissime.
1028 2066 1070 2073 -
1097 2027 1242 2091 Primum
1271 2049 1382 2093 cumis

276 2131 485 2215 Leotychide,
508 2133 618 2196 fratris
642 2133 723 2217 filie,
746 2133 862 2198 habuit
881 2135 1126 2199 contentionem.
1164 2133 1235 2198 Mos
1258 2137 1345 2200 enim

277 2238 537 2302 Lacedaemoniis
581 2262 600 2301 a
641 2241 818 2304 maioribus
861 2245 929 2304 erat
966 2241 1117 2323 traditae,
1161 2246 1197 2304 ut
1234 2243 1345 2307 binos

277 2345 432 2408 haberent
466 2368 592 2428 semper
626 2369 731 2432 reges,
764 2348 894 2412 nomine
928 2348 1032 2432 magis
1067 2370 1163 2431 quam
1200 2349 1345 2435 imperio,

277 2475 315 2514 ex
354 2452 477 2515 duabus
514 2453 646 2517 familiis
678 2453 802 2517 Proclis
839 2458 871 2517 et
903 2453 1129 2538 Eurysthenis,
1167 2455 1223 2539 qui
1258 2458 1345 2539 prin-

277 2559 363 2641 cipes
387 2581 425 2621 ex
443 2561 597 2645 progenie
616 2560 765 2623 Hercdlis
785 2559 919 2644 Spartae
942 2583 1032 2646 reges
1055 2562 1193 2626 fuerunt.
1217 2561 1344 2627 Horum
1355 2585 1382 2623 ao

277 2696 315 2736 ex
348 2673 448 2736 altera
485 2671 519 2733 in
553 2668 684 2732 alterius
716 2667 858 2731 familiae
896 2667 1004 2731 locum
1036 2690 1144 2753 regem
1176 2669 1247 2732 fieri
1279 2692 1345 2733 non

276 2780 405 2863 licebat,
436 2780 482 2843 ita
513 2799 621 2840 suum
652 2778 788 2859 utrisque
816 2775 975 2838 retinebat
999 2775 1151 2838 ordinem.
1197 2775 1343 2840 Primum

275 2887 358 2950 ratio
381 2886 573 2967 habebatur,
602 2883 658 2967 qui
680 2883 840 2945 maximus
863 2886 941 2945 natu
965 2886 1048 2946 esset
1071 2905 1109 2945 ex
1132 2882 1243 2946 liberis
1266 2884 1344 2968 eius,

277 2995 332 3077 qui
361 3015 498 3078 regnans
529 2990 726 3072 decessisset,
757 3002 807 3052 sin
838 2990 865 3052 is
888 2988 1014 3052 virilem
1044 3010 1155 3052 sexum
1184 3011 1248 3053 non
1271 2990 1342 3054 reli·

277 3101 411 3182 quisset,
447 3104 517 3162 tum
556 3096 769 3180 deligebatur,
806 3096 862 3178 qui
897 3095 1064 3178 proximus
1100 3100 1183 3170 esset
1213 3098 1380 3180 propin-ss

277 3206 407 3288 quitate.

62 3331 185 3381 Agesilaus
199 3333 257 3371 wau
364 3311 513 3375 Mortuus
550 3314 618 3374 erat
654 3307 736 3395 Agis
773 3331 841 3392 rex,
878 3309 979 3372 frater
1015 3307 1167 3394 Agesilai.
1222 3309 1343 3374 Filium
1351 3313 1405 3370 397

120 3396 203 3445 ΜΨ
275 3419 449 3503 reliquerat
471 3417 713 3501 Leotychidem,
738 3439 832 3500 quem
854 3415 908 3479 ille
928 3420 1057 3479 natum
1076 3438 1140 3479 non
1159 3422 1342 3502 agnoverat,

275 3526 440 3589 moriens
470 3548 564 3588 suum
595 3547 662 3587 esse
693 3523 825 3586 dixerat.
871 3520 903 3584 ls
933 3523 971 3585 de
998 3522 1119 3586 honore
1150 3524 1241 3609 regni
1269 3545 1342 3588 cum

275 3631 426 3717 Agesilao
451 3636 567 3715 patruo
592 3630 756 3694 contendit
778 3651 881 3712 neque
905 3629 950 3712 id,
975 3629 1062 3713 quod
1083 3631 1212 3713 petivit,
1235 3651 1378 3695 conse-eo

275 3743 368 3802 cutus
391 3743 447 3802 est.
488 3738 574 3803 Nam
596 3737 761 3821 Lysandro
786 3735 993 3820 suffragante,
1016 3735 1159 3819 homine,
1183 3740 1220 3800 ut
1238 3741 1341 3801 osten-

275 3845 380 3908 dimus
413 3867 510 3928 supra
550 3842 635 3930 (pag.
658 3846 710 3927 21,
734 3841 805 3930 27),
842 3842 977 3906 factioso
1005 3847 1038 3905 et
1069 3843 1109 3906 iis
1141 3844 1342 3927 temporibus

274 3952 511 4035 potentissimo,
535 3951 705 4036 Agesilaus
728 3949 887 4013 antelatus
911 3954 966 4013 est.

64 4080 93 4121 A.
107 4081 170 4121 nent
183 4093 256 4131 gegen
363 4056 397 4126 2.
423 4057 624 4142 Simulatque
654 4057 789 4141 imperio
819 4057 944 4140 potitus
974 4062 1035 4140 est,
1065 4058 1224 4140 persuasit
1245 4056 1341 4121 Lace·

74 4143 205 4246 (11θὲξῖἕῖ
219 4156 248 4183 ²¹¹
276 4166 464 4249 daemoniiS,
506 4169 542 4228 ut
584 4186 656 4228 cum
698 4164 839 4228 exercitu
881 4187 914 4227 se
955 4164 1121 4228 mitterent
1158 4164 1192 4227 in
1228 4163 1341 4228 Asiam
1351 4184 1377 4225 es
