2940 4710
579 353 777 408 TIMOLEON.
1166 359 1208 422 69

144 517 230 581 bello
267 518 466 581 vacuefactas
506 517 722 600 possessiones
759 517 880 601 divisit3
917 517 1047 581 urbium
1083 519 1210 582 moenia

145 625 276 688 disiecta
305 625 443 708 fanaque
474 623 597 687 detecta
626 624 750 708 refecit,
785 624 970 688 civitatibus
1000 624 1087 710 leges
1115 625 1208 689 liber·

143 735 306 814 tatemque
320 730 466 795 reddidit.
494 729 607 813 ltaque
622 752 660 792 ex
674 731 815 793 maximo
834 730 919 794 bello
938 735 1087 794 tantum
1107 732 1209 795 otium

144 839 206 901 toti
234 838 355 901 insulae
380 836 573 919 conciliavit,
602 840 643 899 ut
670 837 750 919 ipse
779 837 926 900 conditor
948 839 1076 901 urbium
1100 861 1208 902 earum

122 945 318 1027 svideretur,
341 965 407 1008 non
430 943 505 1026 illi,
529 944 585 1026 qui
608 943 700 1007 initio
725 943 928 1007 deduxerant.

80 1053 135 1108 343
233 1048 362 1134 Arcem,
387 1073 482 1134 quam
501 1050 676 1133 Dionysius
699 1051 802 1113 maior
820 1055 897 1114 natu
918 1050 1083 1134 Syracusis
1106 1053 1208 1115 muni·
1233 1077 1256 1114 n.
1271 1075 1419 1114 vammum

144 1162 213 1221 erat
245 1158 285 1221 ad
325 1158 437 1222 urbem
475 1158 729 1240 opprimendam,
767 1180 785 1220 a
821 1157 1038 1221 fundamentis
1075 1158 1208 1241 disiecit,
1227 1149 1262 1187 ffl'
1276 1138 1374 1238 ,iffi
1394 1148 1419 1176 ²¹¹

144 1269 249 1328 cetera
283 1265 446 1348 tyrannidis
484 1263 726 1348 propugnacula
765 1263 936 1328 demolitus
973 1269 1022 1327 est
1058 1265 1208 1349 deditque

144 1394 287 1455 operam,
315 1375 354 1434 ut
384 1393 480 1454 quam
513 1370 647 1433 minima
678 1370 815 1455 vestigia
842 1371 1006 1434 servitutis
1035 1374 1208 1435 manerent.

110 1497 134 1535 10
145 1477 226 1540 Cum
245 1477 344 1541 tantis
363 1481 447 1540 esset
466 1477 593 1560 opibuS,
617 1480 654 1539 ut
673 1477 770 1540 etiam
790 1477 900 1540 invitis
918 1477 1075 1560 imperare
1093 1483 1209 1561 posset,

144 1588 269 1647 tantum
300 1589 406 1648 autem
437 1606 578 1647 amorem
608 1582 741 1646 haberet
775 1583 918 1647 omnium
950 1583 1143 1667 Siculorum,
1173 1589 1210 1648 ut

144 1691 233 1754 nullo
252 1697 417 1755 recusante
438 1713 572 1776 regnum
594 1690 739 1753 obtinere
762 1690 887 1773 liceret,
911 1691 1025 1754 maluit
1044 1714 1077 1754 se
1097 1691 1209 1777 diligi

145 1821 240 1881 quam
273 1799 400 1861 metui.
447 1795 576 1880 Itaque,
610 1818 681 1859 cum
713 1797 854 1880 primum
886 1798 1005 1881 potuit,
1038 1798 1208 1882 imperium

144 1904 291 1988 deposuit
328 1925 364 1967 ac
404 1904 549 1987 privatus
587 1902 765 1986 SyracusiS,
807 1904 893 1986 quod
928 1899 1088 1988 reliquum
1125 1906 1209 1968 vitae

65 2052 67 2056 -
108 2011 218 2094 isfuit,
240 2011 330 2074 vixit.

232 2115 345 2200 Neque
364 2138 440 2180 vero
464 2116 498 2179 id
521 2117 668 2199 imperite
691 2116 780 2200 fecit,
804 2138 878 2179 nam
898 2117 984 2200 quod
1003 2119 1100 2181 ceteri
1118 2138 1419 2205 regesustemnuona

144 2224 307 2306 imperio
336 2223 511 2306 petierunt,
539 2223 606 2305 ipse
635 2222 905 2286 benevolentia
932 2223 1044 2287 tenuit.
1090 2224 1209 2290 Nullus
1285 2201 1368 2239 Em

144 2330 246 2394 honos
270 2330 298 2393 ei
323 2330 437 2413 defuit,
461 2351 563 2414 neque
585 2334 697 2412 postea
720 2352 770 2392 res
798 2329 865 2393 ulla
888 2328 1053 2413 Syracusis
1081 2332 1209 2414 publice

144 2442 234 2521 gesta
248 2442 309 2520 est,
324 2438 362 2501 de
379 2460 443 2521 qua
460 2437 567 2521 prius
586 2441 669 2500 esset·
683 2437 859 2520 decretum,
875 2460 984 2520 quam
999 2437 1209 2502 Timoleontis

108 2525 302 2606 20sence1'1ua
326 2545 456 2629 cognita
476 2548 565 2607 esset.
594 2543 752 2608 Nullius
776 2566 929 2628 umquam
949 2544 1118 2609 consilium
1137 2567 1209 2610 uon

144 2648 254 2712 modo
292 2650 482 2732 autelatum,
523 2650 667 2728 sedne
705 2654 924 2733 comparatum
962 2652 1112 2734 quidem
1153 2656 1209 2716 est.

143 2754 257 2837 Neque
289 2754 322 2817 id
356 2755 460 2839 magis
488 2756 556 2818 eius
578 2755 848 2819 benevolentia
879 2758 1001 2820 factum
1033 2762 1081 2820 est
1114 2780 1210 2841 quam

143 2861 357 2945 prudentia.

231 2963 264 3035 l.
289 2967 368 3031 Cum
389 2973 492 3032 aetate
514 2969 580 3035 iam
602 2971 772 3050 provectus
795 2973 890 3052 esset,
914 2969 981 3032 sine
1004 2969 1071 3033 ullo
1095 2971 1208 3034 morbo
1246 2998 1270 3035 n.
1284 2997 1317 3035 rm
1330 2997 1402 3037 mter.

107 3075 266 3138 culumina
285 3076 450 3139 oculorum
470 3075 585 3139 amisit.
619 3075 721 3150 Quam
741 3074 955 3139 calamitatem
975 3076 1029 3140 ita
1048 3078 1209 3142 moderate

142 3181 232 3264 tulit,
255 3186 295 3245 ut
319 3179 434 3265 neque
458 3186 642 3266 querentem
662 3205 734 3245 cum
754 3182 923 3265 quisquam
943 3183 1067 3247 audiret
1090 3207 1209 3268 neque

143 3310 181 3351 eo
214 3289 320 3352 minus
353 3287 408 3350 ille
439 3287 573 3370 privatis
605 3287 806 3371 publicisque
838 3290 934 3353 rebus
966 3290 1141 3354 interesset.
1166 3329 1207 3338 -

143 3393 333 3458 Veniebat
357 3398 464 3458 autem
487 3395 521 3457 in
543 3393 718 3477 theatrum,
743 3415 814 3457 cum
838 3395 1074 3459 ibiconcilium
1096 3397 1208 3480 populi
1265 3423 1331 3462 sune
1345 3424 1387 3463 ne-

144 3501 335 3584 habebatur,
364 3506 497 3585 propter
527 3500 742 3564 valetudinem
772 3504 881 3564 vectus
911 3501 1062 3565 iumentis
1091 3504 1208 3567 iunctis
1227 3484 1386 3525 ⁸⁰¹³⁹il⁰¹¹¹¹⁰ll
1400 3497 1419 3525 ¹¹

107 3612 260 3692 soatque
280 3610 325 3672 ita
344 3609 382 3671 de
400 3607 561 3691 vehicu10,
581 3630 661 3692 quae
679 3607 883 3692 ridebantur,
906 3608 1065 3672 dicebat.
1095 3609 1208 3694 Neque

145 3715 207 3778 hoc
237 3716 285 3779 1111
318 3715 488 3799 quisquam
515 3715 678 3778 tribuebat
709 3714 889 3799 superbiam
922 3715 1004 3778 nihil
1029 3717 1115 3780 enim
1142 3739 1209 3782 um-

146 3844 242 3905 quam
265 3843 368 3906 neque
392 3821 532 3885 insolens
559 3843 662 3906 neque
686 3821 862 3907 gloriosum
886 3844 925 3885 ex
949 3843 1003 3885 ore
1031 3823 1099 3886 eius
1122 3824 1209 3887 exiit.

144 3926 245 4012 ldcm,
278 3949 350 3992 cum
383 3951 457 3992 suas
488 3929 597 3992 laudes
630 3929 779 3992 audiebat
814 3929 1003 4012 praedicari,
1033 3951 1210 4013 numquam

145 4034 233 4098 aliud
247 4035 329 4099 dixit
344 4057 441 4121 quarn
459 4057 490 4101 se
507 4037 543 4100 iu
561 4057 601 4101 eu
618 4057 656 4100 re
674 4038 809 4100 maxime
825 4036 875 4101 dis
885 4037 1006 4120 prucios
1019 4057 1108 4119 apere
1121 4041 1211 4118 atque
1246 4103 1247 4108 ,

107 4141 264 4227 rehabere,
286 4144 394 4228 quod,
417 4163 487 4208 cum
509 4143 652 4209 Siciliam
675 4163 809 4208 recreare
827 4143 1062 4228 constituissent,
1087 4147 1153 4207 term
1175 4163 1210 4208 se

1237 3547 1410 3597 Frbmmigkeit.
