3198 4864
659 440 857 500 rinonaou.
1248 445 1289 508 or

227 608 291 668 tem
315 604 377 667 sibi
408 609 553 688 ereptum
583 627 658 668 esse.
705 602 824 667 Omnes
853 604 1017 668 fortunam
1047 604 1291 687 accusabant,

227 712 326 794 quod
358 711 455 774 talem
479 732 600 795 regem,
633 712 702 794 qui,
734 711 794 774 etsi
818 732 882 774 non
904 710 977 794 plus
1000 711 1167 775 duodecim
1191 732 1291 774 annos

227 817 438 903 regnavisset,
470 839 553 881 unus
583 817 726 881 omnium
758 817 926 881 hominum
958 817 1114 880 maximas
1143 839 1194 880 res
1222 839 1291 900 per-

227 924 368 1007 fecisset,
391 928 458 986 tam
477 927 601 988 mature
619 924 686 987 vita
704 923 947 1008 privavisset.
967 961 1011 970 ·-
1029 922 1153 1006 Corpus
1171 924 1292 987 mortui

203 1031 426 1114 camplissimo
448 1031 559 1094 funere
582 1029 810 1094 Alexandriam
834 1031 868 1093 in
890 1029 1076 1115 Aegyptum
1099 1029 1291 1094 translatum

228 1142 289 1221 est,
326 1137 498 1201 memoriae
531 1141 637 1201 autem
671 1158 707 1200 ac
738 1137 861 1200 nomini
884 1136 1061 1200 Alexandri
1092 1140 1204 1220 postea
1234 1159 1292 1220 per

226 1244 347 1308 multos
370 1265 470 1308 annos
492 1243 595 1308 honos
616 1266 717 1327 paene
741 1243 868 1307 divinus
889 1243 1020 1307 habitus
1043 1248 1099 1306 est.

596 1560 706 1628 x111.
729 1561 927 1629 Timoleon.

226 1676 262 1735 A.
286 1675 361 1750 Kap.
382 1679 415 1734 1:
443 1675 475 1734 T.
498 1676 530 1732 in
552 1675 688 1734 Korinth.
1278 1709 1281 1718 =

193 1797 217 1836 11
226 1783 261 1841 Β.
286 1781 399 1857 Κ1ρ.2
423 1782 485 1840 und
509 1785 542 1842 3:
570 1783 601 1840 T.
625 1783 657 1840 in
681 1781 825 1858 Syrakus,
848 1779 926 1859 gross
950 1777 992 1840 im
1014 1781 1122 1858 Kn'ege
1146 1774 1236 1862 (Kap.
1257 1773 1291 1861 2)

288 1871 350 1929 und
373 1871 415 1928 im
437 1871 572 1929 Frieden.

228 1977 258 2036 O.
286 1977 362 2053 Kap.
382 1980 401 2036 4
424 1977 486 2035 und
512 1979 545 2036 5:
568 1977 624 2034 Die
647 1976 901 2054 Haupttugenden
924 1977 975 2035 des
998 1977 1130 2035 Mannea

316 2092 348 2162 l.
369 2095 537 2159 Timoleon
560 2094 747 2159 Corinthius
775 2096 843 2158 sine
866 2095 964 2159 dubio
987 2116 1123 2180 magnus
1147 2095 1290 2159 omnium
1300 2119 1454 2159 romana
1473 2120 1515 2158 aur

227 2203 345 2266 iudicio
378 2203 428 2266 vir
459 2202 592 2265 exstitit
638 2201 786 2285 Namque
817 2202 894 2265 huic
925 2202 981 2265 uni
1011 2202 1161 2286 contigit,
1194 2205 1230 2264 ut
1259 2205 1291 2265 et
1328 2182 1365 2220 Ἡ
1382 2182 1485 2222 wi‘m‘

192 2310 405 2392 repatriam,
434 2309 468 2372 in
491 2330 555 2392 qua
577 2312 646 2371 erat
668 2312 776 2391 natue,
806 2330 988 2392 oppressam
1013 2331 1031 2371 a
1054 2312 1191 2391 tyranno
1214 2306 1291 2370 libe·

227 2420 325 2499 raret,
344 2419 377 2479 et
395 2438 413 2479 a
434 2414 697 2499 Syracusanis,
716 2416 834 2499 quibus
853 2415 973 2479 auxilio
992 2419 1061 2478 erat
1078 2415 1208 2498 missuS,
1226 2415 1289 2477 iam

227 2523 436 2586 inveteratam
464 2521 651 2585 servitutem
684 2521 857 2605 depelleret
888 2526 1084 2605 totamque
1118 2519 1290 2584 Siciliam

227 2609 347 2692 multos
383 2650 483 2691 annos
519 2628 604 2692 bello
636 2632 784 2692 vexatam
816 2633 849 2692 et
880 2652 900 2692 a
929 2629 1074 2692 barbaris
1107 2649 1289 2710 oppressam

227 2755 285 2797 suo
309 2734 448 2797 adventu
471 2735 504 2797 in
525 2734 697 2816 pristinum
720 2735 911 2799 restitueret.

192 2860 218 2898 ao
315 2837 354 2902 In
385 2839 437 2902 his
469 2840 565 2904 rebus
597 2862 662 2904 non
693 2841 832 2924 simplici
859 2841 990 2904 fortuna
1019 2840 1219 2903 conflictatus
1243 2841 1291 2900 111
1313 2865 1338 2903 r.
1352 2864 1377 2902 a
1391 2865 1498 2904 noenu.

227 2951 272 3030 et,
296 2947 329 3010 id
353 2945 439 3030 quod
462 2945 626 3009 difficilius
648 2950 793 3030 putatur,
821 2946 923 3011 multo
947 2945 1123 3030 sapientius
1146 2944 1222 3008 tulit
1244 2966 1290 3007 se-

227 3053 363 3118 cundam
391 3075 487 3136 quam
511 3053 675 3116 adversam
698 3053 869 3117 fortunam.
894 3091 936 3099 —
959 3052 1044 3118 Nam
1068 3072 1140 3115 cum
1168 3051 1291 3114 frater
1318 3076 1497 3125 1111111111

162 3160 295 3224 3141111
317 3159 572 3242 Timophanes
595 3159 659 3222 dux
682 3183 701 3222 a
725 3159 901 3224 Corinthiis
925 3159 1065 3223 delectus
1088 3157 1289 3241 tyrannidem
1317 3137 1500 3238 ⁸⁰¹³⁰¹2„¹}¹⁰⁶⁶¹

226 3289 284 3350 per
309 3265 429 3328 milites
456 3266 690 3329 mercennarios
713 3266 931 3351 occupavisset
953 3266 1177 3349 particepsque
1199 3264 1290 3349 regni

192 3374 307 3455 acipse
343 3376 451 3456 posset
488 3393 568 3454 esse,
604 3375 753 3435 tantum
790 3373 889 3436 afuit
921 3395 939 3435 a
970 3372 1122 3436 societate
1154 3370 1290 3454 11111111,

227 3483 268 3542 ut
298 3479 470 3542 anteferret
499 3477 617 3540 civium
646 3499 777 3544 suorum
800 3479 983 3543 libertatem
1005 3478 1115 3541 {ratris
1138 3477 1236 3540 saluti
1258 3481 1291 3540 et

226 3596 359 3669 parere
391 3584 516 3670 legibus
549 3605 645 3668 quam
679 3584 865 3668 imperare
897 3584 1019 3667 patriae
1051 3582 1169 3647 mallet.
1221 3582 1290 3646 Hac

227 3696 333 3755 mente
359 3714 418 3776 per
439 3690 640 3773 haruspicem
664 3694 697 3754 11
719 3711 920 3754 communem
944 3691 1093 3773 affinem,
1126 3690 1177 3753 cui
1200 3711 1291 3753 soror

227 3820 265 3861 ex
288 3798 389 3861 isdem
412 3797 599 3881 parentibus
622 3801 697 3860 nata
720 3802 821 3881 nupta
844 3802 926 3882 erat,
957 3797 1089 3861 fratrem
1117 3801 1290 3880 tyrannum

189 3904 482 3968 minterficiendum
515 3903 646 3967 curavit.
702 3901 775 3986 Ipse
812 3925 885 3967 non
922 3903 1030 3967 modo
1067 3925 1181 3967 manus
1217 3924 1290 3966 non

227 4011 350 4094 attulit,
383 4011 447 4074 sed
477 4032 521 4073 ne
545 4011 684 4094 aspicere
717 4010 867 4093 quidem
899 4009 1078 4073 fraternum
1101 4009 1289 4095 sanguinem

227 4117 338 4180 voluit.
383 4116 482 4200 Nam,
514 4116 590 4180 dum
613 4139 664 4180 res
687 4116 907 4198 conficeretur,
938 4115 1051 4199 procul
1074 4116 1108 4178 in
1130 4114 1289 4199 praesidio

225 4223 302 4306 fuit,
325 4245 365 4286 ne
388 4223 460 4306 quis
483 4223 609 4286 satelles
631 4226 739 4307 posset
762 4244 952 4286 succurrere.

1042 4344 1077 4396 δί
