2940 4710
231 349 273 412 56
564 341 788 395 Anaxxunna
806 339 966 396 maenus.

231 512 263 570 et
292 486 400 570 dolore
429 505 551 570 efferati
579 528 687 590 regem
711 525 807 568 curru
830 509 979 568 excutere
1003 508 1186 586 coeperant,
1215 525 1295 568 cum

231 614 298 676 ille
339 613 473 696 veritus,
510 636 550 676 ne
586 611 654 695 ipse
691 611 725 674 in
760 611 904 674 hostium
935 615 1128 694 potestatem
1165 611 1296 691 veniret,

232 720 365 784 desilit
389 725 420 783 et
444 719 477 782 in
501 742 619 803 equum
642 717 819 801 imponitur
841 717 973 781 abiectis
1001 717 1107 803 regiae
1131 717 1297 802 dignitatis

231 827 424 912 insignibus,
462 849 501 889 ne
538 826 571 888 in
607 827 685 910 fuga
720 825 915 907 proderetur.
967 824 1049 887 Tum
1075 846 1151 888 vero
1181 824 1297 908 reliqui

232 933 423 997 disiciuntur
446 937 490 1015 et,
520 955 583 1015 qua
606 931 720 1014 cuique
744 931 784 993 ad
811 931 922 1015 fugam
945 930 998 994 ria
1024 930 1168 1014 patebat,
1197 931 1334 995 effusas

231 1041 309 1126 fuga
321 1041 470 1104 'salutem
494 1043 617 1122 petunt.
1178 1051 1183 1058 ·

35 1171 75 1213 Aa
89 1173 198 1212 areima
321 1145 353 1213 9.
377 1144 416 1210 ln
435 1145 547 1209 castris
561 1145 732 1209 Persarum
747 1145 936 1208 Macedones
955 1134 1057 1208 multa
1072 1144 1142 1207 auri
1161 1146 1297 1230 argenti-

34 1234 208 1346 {Zffigssissffi
232 1277 293 1338 que
313 1276 389 1317 vasa
412 1253 626 1336 diripuerunt,
650 1253 705 1315 sed
729 1274 809 1334 quae
833 1250 935 1336 magis
959 1251 1000 1313 ad
1022 1250 1183 1315 luxuriam
1201 1275 1297 1334 quam

69 1359 164 1435 DQ·
232 1362 272 1424 ad
290 1360 367 1424 belli
387 1382 481 1424 usum
499 1358 704 1443 pertinerent.
736 1357 802 1422 Ubi
822 1359 862 1420 ad
880 1357 1015 1420 feminas
1033 1363 1223 1440 perventum
1241 1364 1298 1443 est,

232 1467 376 1532 omnium
408 1467 517 1530 oculos
548 1465 735 1548 animosque
767 1465 801 1527 in
834 1487 867 1527 se
898 1468 1124 1528 converterunt
1155 1470 1298 1549 captivae
1310 1486 1336 1524 10

231 1579 334 1638 mater
365 1573 566 1656 coniunxque
597 1571 694 1635 Darei
724 1573 819 1635 turba
849 1569 1042 1634 feminarum
1076 1571 1299 1656 circumdatae,

231 1680 303 1743 illa
326 1703 391 1743 non
421 1679 587 1743 maiestate
611 1679 728 1762 solum,
759 1679 815 1741 sed
844 1677 941 1760 etiam
969 1681 1072 1741 aetate
1100 1679 1299 1763 venerabilis,

231 1788 329 1850 haec
352 1793 472 1850 formae
492 1785 731 1869 pulchritudine
750 1784 893 1870 insignis.
913 1822 955 1830 -
975 1783 1202 1869 Alexander,
1227 1808 1300 1851 cmn

232 1893 330 1957 Darei
354 1892 568 1976 consequendi
591 1915 663 1976 spes
687 1905 752 1954 non
775 1896 869 1974 esset,
893 1891 927 1954 in
947 1896 1050 1954 castra
1068 1892 1165 1974 paulo
1189 1897 1300 1957 antea

233 2000 299 2064 suis
319 2005 411 2084 capta
435 2021 623 2082 reversuS,
649 1998 704 2062 ubi
728 1997 850 2062 audivit
877 1998 1012 2062 feminas
1035 2000 1140 2084 regias
1158 1998 1300 2063 Dareum
1312 2019 1336 2058 15

232 2111 398 2190 tamquam
413 2111 577 2170 mortuum
592 2128 746 2188 suamque
760 2105 976 2169 miserabilem
991 2109 1110 2169 sortem
1126 2106 1300 2190 deplorare,

232 2213 470 2276 Leonnatum
502 2211 620 2294 misit,
655 2212 710 2296 qui
743 2212 808 2275 illis
840 2212 982 2276 Dareum
1012 2213 1119 2276 rivere
1151 2213 1300 2296 ipsasque

234 2320 337 2382 salvas
360 2320 429 2382 fore
454 2319 580 2382 diceret.
627 2318 786 2383 Postridie
811 2318 945 2402 captivis
974 2318 1116 2382 nuntiari
1143 2317 1237 2382 iussit
1267 2342 1300 2383 se

234 2426 339 2508 ipsum
359 2424 480 2507 venire,
505 2430 600 2509 atque
624 2448 688 2489 uno
708 2447 780 2489 cum
799 2425 1039 2508 Hephaestione
1058 2426 1300 2490 tabernaculum

234 2555 343 2596 earum
368 2532 508 2595 intravit.
554 2531 614 2596 Ille
637 2554 713 2596 vero
737 2531 935 2615 Hephaestio
960 2537 1001 2596 ut
1025 2536 1128 2595 aetate
1150 2555 1209 2615 par
1232 2537 1301 2596 erat
1311 2530 1348 2592 20⁴

234 2640 315 2723 regi,
353 2639 407 2701 ita
444 2639 587 2721 corporis
622 2639 737 2702 habitu
774 2640 966 2722 praestabat.
1021 2637 1135 2722 ltaque
1172 2639 1301 2724 reginae

234 2746 326 2809 illurn
345 2767 403 2828 pro
423 2767 497 2830 rege
516 2745 672 2810 habentes
691 2768 749 2809 suo
768 2767 857 2809 more
877 2750 1044 2809 veneratae
1064 2750 1146 2809 sunt.
1177 2746 1301 2809 Deinde

234 2874 306 2916 cum
336 2856 439 2915 mater
468 2851 565 2915 Darei
599 2876 617 2916 a
648 2853 798 2916 ministro
829 2853 968 2937 quodam
1000 2853 1124 2916 monita
1161 2874 1301 2917 errorem

234 2963 412 3041 excusaret,
445 2981 501 3022 rex
534 2982 604 3022 eam
639 2961 825 3024 consolatus
858 2963 906 3022 est
938 2959 999 3022 his
1031 2960 1174 3023 verbis:
1210 2953 1302 3024 ‘Non

234 3068 389 3149 erravisti,
412 3071 522 3148 mater,
545 3087 620 3131 uam
643 3072 675 3131 et
692 3067 750 3131 bic
771 3073 814 3131 est
827 3061 1023 3152 Alexander',
1047 3067 1196 3150 ipsasque
1214 3067 1339 3131 bonore

235 3173 342 3235 animo
366 3194 434 3235 esse
458 3173 563 3236 iussit:
582 3193 613 3237 se
636 3194 688 3238 eas
709 3194 773 3237 noa
784 3195 846 3256 pro
869 3175 1011 3257 captivis,
1033 3176 1087 3239 sed
1101 3195 1163 3256 pro
1185 3175 1302 3257 rapinis

234 3280 420 3344 babituram.

34 3412 114 3452 >araus
127 3416 204 3451 anter·
324 3384 378 3452 ll).
406 3384 484 3450 Inde
507 3386 689 3451 Alexander
717 3386 844 3471 Syriam
875 3388 991 3470 petivit
1022 3387 1234 3451 Parmenione
1262 3388 1302 3451 ad

34 3475 119 3514 ΜΘΗ
132 3475 174 3514 ¹¹¹st
188 3475 214 3512 Α
234 3493 441 3576 Damascum,
458 3517 520 3578 qua
534 3495 568 3557 in
582 3495 661 3558 urbe
676 3516 755 3579 gaza
768 3495 853 3579 regis
867 3499 948 3577 erat,
966 3494 1155 3578 praemisso,
1176 3495 1232 3578 qui
1245 3517 1303 3578 per

236 3601 452 3684 proditionem
470 3601 624 3683 praefecti
643 3602 724 3686 regii
743 3601 907 3664 immensis
927 3601 1042 3684 opibus
1065 3601 1159 3664 facile
1178 3602 1338 3685 potitusao

235 3711 291 3770 est.
338 3707 424 3770 Dum
451 3707 531 3770 haec
553 3712 721 3793 geruntur,
751 3707 934 3771 Alexandro
963 3706 1089 3770 litterae
1113 3707 1211 3772 Darei
1233 3709 1301 3772 red-

236 3815 321 3877 ditae
336 3818 423 3896 sunt,
444 3814 561 3898 quibus
575 3814 630 3877 ille
644 3815 748 3900 magis
766 3814 995 3898 postulabat
1015 3837 1111 3898 quam
1126 3816 1301 3901 rogabat,

236 3925 272 3984 ut
295 3921 421 4006 magnis
439 3922 583 4004 pecuniis
603 3923 741 4005 acceptis
760 3922 822 3985 sibi
841 3926 990 4006 matrem,
1014 3943 1159 4005 uxorem,
1183 3921 1301 3985 liberos

236 4028 389 4091 redderet.
444 4027 548 4092 Simul
571 4027 791 4092 Alexandrum
822 4051 839 4091 e
871 4029 991 4092 finibus
1025 4029 1117 4114 regni
1151 4030 1301 4093 excedere

236 4136 343 4198 iussit:
371 4138 452 4218 quod
473 4137 501 4200 si
523 4137 576 4201 illc
592 4137 722 4220 fecisset,
750 4156 782 4202 se
804 4157 873 4200 cum
896 4156 956 4218 pro
979 4138 1059 4202 socio
1085 4141 1175 4220 otqrre
1202 4138 1338 4202 amicost
