2940 4710
227 356 271 421 54
555 351 779 405 nnuxlunun
797 350 956 407 uranus.

228 518 328 581 uredo
359 511 539 600 solvantur'‚
572 520 604 578 et
636 515 743 600 gladio
776 515 845 580 lora
876 516 1029 598 perrupit.
1075 513 1126 579 lta
1158 516 1224 578 suis
1257 516 1291 578 in

229 623 295 685 dies
318 623 420 686 maior
443 644 515 705 spes
538 621 736 686 inferebatur
763 622 885 686 nullam
909 645 1079 706 asserem,
1111 645 1206 705 quam
1236 621 1290 685 ille

213 750 377 812 *superare
401 750 465 792 non
487 733 603 812 posset.

23 863 112 903 narsus
125 865 199 902 rasus
317 835 443 899 Interea
472 834 655 899 Alexandro
695 835 878 898 nuntiatum
917 840 966 899 est
1002 835 1143 898 Dareum
1176 836 1290 918 ipsum,

87 925 142 965 Μ’
229 942 418 1027 cognomine
439 941 695 1025 Godomannum,
721 964 793 1006 cum
819 943 943 1027 ingenti
963 943 1105 1006 exercitu
1120 942 1328 1025 appropin·5
1388 956 1391 961 '

229 1071 335 1132 quare.
368 1047 400 1111 Is
418 1049 504 1112 enim
522 1049 636 1112 nuntio
656 1048 754 1112 allato
771 1047 987 1132 Memnbnem,
1011 1049 1062 1112 cui
1081 1050 1137 1112 uni
1152 1049 1291 1112 confisus

229 1160 310 1239 erat,
329 1179 396 1219 esse
411 1160 587 1239 mortuum,
606 1156 688 1238 ipse
706 1155 828 1219 bellum
843 1156 1065 1219 administrare
1084 1159 1290 1238 statuerat,

229 1263 361 1346 reliquis
376 1263 510 1326 ducibus
525 1267 580 1326 aut
595 1262 764 1325 consilium
779 1284 815 1325 ac
834 1262 1035 1347 diligentiam
1054 1267 1109 1325 aut
1127 1263 1293 1348 fortunam

230 1369 367 1432 defuisse
400 1369 633 1432 existimans,
679 1369 799 1433 Positis
831 1369 932 1454 igitur
962 1391 1062 1452 prope
1091 1368 1291 1452 Babylonem

230 1477 342 1540 castris
373 1499 410 1540 eo
440 1476 580 1559 undiquc
612 1477 718 1559 copias
742 1476 910 1539 contraxit.
956 1473 1203 1539 Innumerabilis
1225 1475 1291 1537 fere
1304 1501 1330 1539 ro

229 1588 297 1647 erat
333 1584 507 1647 multitudo
544 1584 688 1667 equitum
729 1583 937 1666 peditumque
973 1605 1051 1646 auro
1087 1593 1292 1664 purpureique

228 1691 363 1775 fulgens
400 1690 461 1753 His
485 1690 593 1754 addita
616 1693 691 1753 sunt
714 1690 848 1774 triginta
871 1689 961 1752 milia
980 1687 1187 1772 Graecorum,
1211 1710 1292 1771 quae

229 1797 353 1861 Dareus
376 1797 587 1861 Macedonum
614 1796 768 1881 phalangi
792 1817 951 1878 opponere
975 1796 1150 1859 constituit.
1197 1795 1293 1858 Tanti

229 1906 388 1968 exercitus
410 1908 540 1988 aspectu
563 1908 600 1967 et
622 1904 689 1987 ipse
709 1903 868 1988 gaudebat
887 1925 943 1966 rex
966 1907 1002 1966 et
1026 1905 1184 1995 auxerunt
1203 1923 1293 1984 spem

230 2012 362 2075 comites
387 2011 445 2094 ita,
477 2016 514 2075 ut
546 2011 602 2074 illo
633 2011 774 2074 exercitu
797 2010 907 2074 hostes
931 2010 1069 2092 opprimi
1101 2030 1196 2092 posse
1220 2029 1330 2073 con-15

229 2120 350 2182 fideret.
860 2114 879 2143 ³

18 2248 44 2290 a
58 2251 168 2291 omanis
181 2252 206 2290 rn
317 2224 350 2291 7.
371 2223 490 2288 Gordio
509 2226 671 2308 profectus
689 2223 871 2288 Alexander
888 2246 946 2307 per
964 2222 1199 2306 Cappadociam
1219 2220 1294 2284 Oili-

71 2315 161 2354 Tmu*
230 2333 312 2395 ciam
321 2332 444 2414 petivit.
468 2329 653 2394 Incredibili
663 2331 825 2394 celeritate
835 2352 1024 2414 summoque
1034 2329 1174 2393 militum
1184 2330 1293 2393 labore

229 2462 287 2522 per
317 2438 464 2501 horridas
487 2438 584 2501 Tauri
616 2438 735 2502 montis
768 2438 933 2522 angustias
956 2437 1092 2501 Tarsum
1122 2437 1293 2501 descendit.

230 2545 291 2608 Per
309 2545 446 2608 mediam
465 2546 578 2608 urbem
591 2545 723 2627 flumen,
742 2544 871 2607 nomine
886 2543 1028 2628 Cydnus²
1046 2545 1180 2629 fluebat3
1204 2544 1332 2608 cuiusso

231 2652 335 2735 specie
368 2652 523 2715 invitatus
555 2675 611 2714 rex
644 2651 740 2714 armis
774 2672 809 2713 ac
832 2655 919 2715 veste
948 2651 1102 2735 depositis
1126 2651 1236 2714 statim
1260 2651 1294 2713 in

230 2782 347 2843 aquam
370 2759 580 2844 perfrigidam
603 2758 713 2822 insilit.
750 2757 833 2821 Tum
852 2780 927 2821 vero
946 2758 1036 2823 nervi
1054 2758 1163 2822 subito
1187 2758 1294 2843 rigore

231 2870 427 2950 occupantur
451 2865 618 2948 omnisque
652 2865 739 2928 calor
771 2886 885 2948 corpus
917 2865 1085 2949 reliquisse
1117 2865 1293 2928 videbatur.

230 2974 334 3057 Prope
358 2973 575 3036 exanimatum
598 2994 706 3057 regem
730 2972 870 3037 ministri
897 2973 1046 3036 manibus
1075 2972 1239 3055 excipiunt
1262 2975 1294 3034 et

231 3081 265 3142 in
288 3079 530 3143 tabernaculum
554 3079 709 3142 deferunt.
754 3076 872 3164 Ingens
905 3078 1088 3142 sollicitudo
1121 3100 1158 3142 ac
1188 3079 1295 3142 luctus
1304 3102 1333 3142 25

231 3191 299 3249 erat
336 3187 369 3248 in
406 3185 532 3268 castris3
574 3185 719 3248 milites
756 3189 788 3248 et
825 3207 858 3248 se
890 3186 978 3268 ipsos
1011 3190 1043 3249 et
1075 3185 1295 3250 Alexandrum

231 3293 528 3375 miserabantur,
547 3293 611 3355 iam
630 3293 811 3376 victoriam,
831 3292 979 3376 salutem,
998 3315 1107 3378 regem
1126 3293 1189 3357 sibi
1208 3315 1294 3376 erep-

231 3404 301 3463 tum
332 3399 467 3484 questi.
513 3397 640 3462 Interea
669 3403 819 3485 aegrotus
847 3399 980 3463 liberius
1004 3400 1124 3482 spirare
1148 3403 1296 3483 coeperat

230 3507 396 3590 fractaque
438 3506 486 3568 vis
527 3506 633 3569 morbi
672 3507 850 3571 videbatur.
915 3504 1019 3569 Simul
1064 3510 1171 3569 autem
1217 3505 1295 3569 mali

231 3613 485 3698 magnitudinem
504 3636 560 3676 rex
574 3613 674 3676 sensit
687 3613 930 3696 periculumque
944 3635 1064 3696 morae,
1084 3634 1157 3676 cum
1171 3611 1295 3676 Dareus
1305 3635 1335 3676 ao

232 3720 345 3802 quinto
365 3720 415 3782 die
439 3719 472 3782 in
497 3718 609 3783 Cilicia
632 3721 700 3784 fore
724 3719 934 3783 nuntiaretur.

22 3850 50 3891 A.
64 3851 123 3890 war
136 3852 210 3891 surm
323 3826 425 3902 Quam
459 3827 499 3890 ob
530 3849 598 3889 rem
622 3849 640 3890 a
663 3825 807 3909 medicis,
840 3831 876 3890 ut
909 3849 1006 3910 quam
1038 3826 1201 3890 celerrime
1233 3826 1296 3890 sibi

31 3914 152 3961 Philippus
166 3925 203 3962 ge·
612 3934 617 3945 .
711 3933 716 3945 .
964 3934 969 3946 ,
1266 3932 1272 3944 ,

85 3977 149 4016 hem
233 3934 443 4016 mederentur,
457 3933 647 4018 postulavit3
663 3955 718 4016 qur
728 3954 800 3996 cnm
810 3955 893 3997 novo
903 3934 1145 4016 periculosoque
1154 3933 1294 3997 remedio

232 4040 280 4103 uti
304 4040 439 4123 nollent,
463 4062 545 4103 unus
564 4039 785 4124 Philippus,
809 4041 864 4124 qui
885 4041 953 4126 regi
977 4042 1042 4104 iam
1064 4063 1164 4124 puero
1189 4061 1295 4104 comes

232 4152 264 4210 et
287 4152 394 4210 custos
418 4147 533 4210 salutis
557 4148 649 4211 datus
678 4152 758 4231 erat,
784 4148 849 4210 vim
873 4149 978 4211 morbi
1001 4149 1132 4231 potione
1155 4168 1189 4210 se
1212 4147 1335 4211 leva-es
