2940 4710
521 357 745 410 ALEXANDER
763 356 923 412 MAGNUS.
1214 363 1255 425 [i3

189 523 292 585 facere
320 525 463 604 possent,
491 520 611 584 milites
634 521 762 584 utribus
790 521 977 584 inciibantes
1005 521 1124 584 flumen
1155 526 1255 584 trans-

190 632 355 692 naverunt.

278 734 356 798 Inde
371 735 497 820 magnis
512 735 681 798 itineribus
696 734 861 798 contendit
875 735 915 797 ad
930 735 1041 799 urbem
1056 734 1255 798 Maracanda.
1266 762 1350 799 nessus
1365 759 1423 799 wira
1440 760 1461 799 3

189 841 240 906 Ibi
269 842 403 905 Bessum
434 863 453 904 a
483 841 657 905 coniuratis
681 842 824 905 vinctum
856 863 923 904 esse
954 841 1136 927 insignique
1167 843 1255 926 regio

154 950 332 1011 adetracto
371 949 411 1010 ad
447 970 480 1011 se
517 948 631 1011 adduci
664 949 828 1031 comptrit.
883 947 1044 1012 Processit
1064 949 1180 1033 *igitur
1217 949 1257 1011 ad

190 1053 350 1118 Iaxartem
378 1055 526 1156 fluvium,
560 1055 616 1139 qui
646 1055 778 1118 ultimos
809 1055 900 1140 regni
930 1053 1100 1118 Persarum
1128 1056 1209 1118 fines
1238 1079 1257 1118 a

191 1161 320 1245 Scythis
348 1162 519 1226 dividebat.
565 1162 699 1225 Bessum
730 1162 776 1224 ibi
807 1162 847 1224 ad
877 1183 910 1224 se
940 1162 1132 1244 productum
1156 1162 1256 1247 virgis

191 1270 278 1334 caedi
320 1269 413 1332 iussit
453 1269 593 1352 iratique
635 1269 721 1353 regis
763 1268 858 1331 occisi
904 1268 1037 1331 tradidit
1079 1270 1255 1333 custodien-

191 1376 275 1438 dum.
335 1374 435 1438 Paulo
472 1379 546 1458 post
583 1398 601 1437 a
638 1374 771 1438 consilio
804 1375 946 1438 iudicum
984 1413 1025 1420 —
1063 1377 1256 1440 nobilissimi

156 1503 181 1541 10
191 1486 281 1544 erant
304 1481 474 1545 Persarum
499 1503 535 1545 ao
553 1481 721 1545 Medorum
748 1519 787 1526 —
812 1481 966 1545 iudicium
991 1483 1112 1546 factum'
1136 1487 1196 1566 est,
1220 1488 1257 1547 ut

191 1588 307 1651 Bessus
344 1610 383 1651 ex
418 1589 524 1672 patrio
562 1588 732 1653 Persarum
769 1610 858 1652 more
895 1588 1026 1652 naribus
1063 1590 1256 1674 auribusque

190 1695 349 1758 mutilatis
380 1695 465 1768 cruci
499 1696 693 1781 affigeretur.
747 1693 817 1770 Quo
850 1695 968 1759 iudicio
1002 1696 1041 1759 ab
1072 1696 1256 1761 Alexandro

191 1806 396 1885 comprobato
426 1801 639 1865 iustissimum
670 1802 863 1885 supplicium
895 1803 932 1865 de
962 1802 1121 1885 parricida
1151 1827 1256 1887 sump-

191 1914 261 1972 tum
284 1913 340 1972 est.

155 2038 180 2076 13
278 2013 336 2080 20.
359 2013 398 2078 In
421 2015 492 2098 ripa
510 2013 647 2079 Iaxartis
671 2037 753 2079 nova
772 2017 851 2079 urbe
871 2016 1012 2098 condita,
1037 2038 1117 2099 quae
1137 2021 1168 2079 et
1187 2017 1256 2100 ipsa

191 2123 276 2207 regis
290 2123 418 2186 nomine
434 2121 630 2185 Alexandria
644 2121 805 2205 appellata
819 2127 880 2205 est,
902 2121 1094 2206 Scythisque
1108 2123 1256 2186 finitimis

190 2228 312 2312 proelio
327 2229 408 2291 fusis
422 2228 614 2291 Maracanda
628 2229 767 2292 reditum
783 2233 839 2292 est.
870 2228 1053 2293 Alexander
1066 2229 1256 2294 Bactrianae

190 2334 372 2418 provinciae
406 2334 550 2398 Clitum
582 2336 753 2418 praeficere
786 2341 956 2420 statuerat,
990 2359 1085 2420 eum,
1119 2336 1184 2419 qui
1217 2336 1257 2399 ad

191 2441 364 2506 Granicum
383 2464 491 2528 regern
510 2465 549 2506 ex
568 2442 673 2505 media
692 2447 795 2507 morte
810 2444 941 2527 eripuit,
960 2448 1100 2507 veterem
1113 2442 1256 2525 Philippi

152 2572 181 2609 aa
190 2550 327 2613 militem
351 2549 525 2647 multisque
549 2549 644 2612 rebus
668 2549 753 2613 bello
777 2551 876 2635 gestis
900 2550 1067 2636 insignem.
1100 2547 1132 2612 Is
1155 2548 1260 2634 prius-v

191 2679 287 2739 quam
317 2656 351 2718 in
381 2677 470 2718 suam
500 2655 699 2737 provinciam
729 2655 804 2740 iret,
834 2658 868 2720 in
898 2657 1079 2721 convivium
1103 2655 1257 2718 sollemne

191 2761 354 2825 adhibitus
392 2765 447 2824 est.
507 2759 558 2824 lbi
596 2783 667 2824 cum
705 2763 800 2824 multi
832 2763 1008 2826 Alexandri
1044 2763 1180 2826 virtutes
1218 2762 1257 2823 ad

191 2869 313 2932 caelum
333 2867 524 2932 extollerent
543 2889 662 2950 rexque
686 2869 753 2951 ipse
776 2870 862 2951 patri
886 2892 919 2932 se
940 2870 1128 2952 praeferret,
1153 2867 1257 2930 Clitus

190 2975 377 3039 memoriam
402 2974 546 3058 Philippi
576 2975 728 3038 tuebatur
757 2997 870 3059 resque
901 2977 941 3040 ab
973 2998 1010 3039 eo
1041 2979 1146 3060 gestas
1178 2975 1256 3038 adeo

152 3102 181 3141 aa
190 3083 354 3164 laudabat,
387 3087 423 3145 ut
458 3081 543 3167 regis
567 3081 710 3144 animum
739 3081 921 3146 offenderet.
968 3082 1125 3165 Represso
1146 3086 1256 3149 ,autem

192 3188 300 3250 dolore
331 3187 386 3250 ille
418 3187 600 3270 imperavit,
633 3193 670 3251 ut
694 3187 798 3252 Clitus
826 3189 973 3254 convivio
1006 3189 1178 3253 excederet.
1225 3187 1257 3252 ls

191 3299 299 3358 tamen
317 3295 391 3358 vino
416 3298 512 3376 atque
535 3294 643 3357 furore
666 3295 818 3359 incitatus
841 3319 949 3382 regem
974 3297 1147 3379 accusavit,
1171 3296 1257 3378 quod

190 3401 286 3485 paulo
315 3405 389 3464 ante
412 3399 657 3464 Parmenionem
685 3407 818 3484 propter
845 3403 948 3467 levem
972 3404 1132 3488 quandam
1156 3403 1256 3486 suspi-

191 3509 315 3573 cionem
333 3506 516 3572 necavisset.
555 3507 638 3570 Tum
657 3531 712 3571 rex
732 3508 896 3572 iracundia
919 3511 1024 3573 uictus
1042 3510 1107 3574 telo
1128 3533 1146 3573 a
1164 3510 1256 3573 satel-

151 3636 181 3674 ao
190 3615 247 3679 lite
266 3619 393 3698 arrepto
409 3613 531 3678 Clitum
544 3615 725 3678 transibdit.
753 3615 930 3699 Postquam
944 3639 1019 3679 vero
1033 3616 1082 3679 ira
1096 3639 1135 3679 ex
1149 3616 1256 3680 animo

192 3721 347 3805 discessit,
379 3720 634 3806 magnitudinem
657 3721 773 3806 flagitii
796 3723 1012 3806 perspexit,
1043 3724 1129 3806 quod
1158 3724 1256 3788 talem

190 3829 295 3892 virum
313 3827 371 3891 tali
391 3829 429 3891 de
448 3849 543 3890 causa
561 3827 785 3911 interfecisset,
810 3832 923 3911 atque
943 3830 1021 3892 adeo
1036 3852 1108 3892 eum
1127 3830 1255 3913 paeni-

191 3935 267 3998 tuit
290 3934 381 4017 13311,
405 3938 441 3997 31
465 3933 519 3997 vix
543 3957 561 3997 a
584 3956 617 3998 se
640 3957 754 3997 manns
779 3935 961 3999 abstineret.

279 4041 361 4124 Rex,
382 4041 457 4104 dum
476 4041 510 4103 in
524 4041 575 4104 his
589 4041 775 4126 regionibus
789 4045 949 4125 versatur,
969 4042 1136 4127 Roxrinen,
1155 4043 1255 4107 filiam

151 4170 180 4210 aa
191 4147 342 4232 Oxyartis
352 4147 501 4230 satrtpiS,
517 4148 549 4210 in
565 4148 805 4211 matrimonium
822 4147 928 4231 duxit,
947 4148 993 4212 ita
1008 4149 1128 4232 optime
1142 4149 1256 4213 Persas

1335 822 1411 862 straft.

1332 2040 1418 2080 Klitue’

1300 2104 1446 2153 Ermordnng

1283 4098 1284 4103 ,
1302 4069 1328 4107 A.
1343 4068 1442 4109 heiratet

1322 4131 1423 4171 Roxane.
