2940 4710
299 357 342 420 24
725 349 946 405 ocerannus.

363 511 392 601 e)
407 513 486 595 ¹Kap.
503 522 520 578 9
536 520 597 577 und
614 522 668 579 10:
691 523 727 578 A.
750 519 814 577 lebt
835 519 867 576 in
890 519 982 578 Asien
1004 519 1066 576 und
1088 519 1157 576 felle
1180 520 1246 576 dem
1268 519 1366 578 Hasse

411 609 463 666 der
487 608 651 683 Spartaner
673 629 740 666 zum
764 605 863 684 Opfer.
1069 669 1071 672 ,

300 714 330 774 O.
349 715 425 792 Kap.
442 720 496 774 11:
519 715 685 774 Riickbliok
708 716 762 773 auf
782 715 829 772 die
852 715 1028 790 Bedeutung
1051 714 1101 773 des
1124 716 1159 772 A.

75 862 119 902 me
138 857 289 911 regenaam.
388 832 420 900 1.
450 832 489 897 In
520 833 701 919 Alcibiade,
739 833 861 897 Cliniae
897 834 979 917 filio,
1015 832 1205 897 Atheniensi
1242 837 1366 918 natura,

76 928 116 965 “¹¹
132 924 377 1027 d‘³{,·,{¹⁰³b³³'quid
400 942 527 1004 efficere
549 942 665 1025 possit,
689 941 816 1005 videtur
839 945 978 1024 experta.
1016 939 1150 1004 Constat
1173 940 1258 1002 enim
1281 940 1390 1004 intere

115 1061 133 1099 ¹·
148 1059 252 1098 virtutes,
299 1071 422 1132 omnes,
447 1048 503 1132 qui
527 1049 564 1111 de
588 1071 625 1112 eo
649 1048 821 1112 memoriae
844 1047 1068 1130 prodiderunt,
1091 1047 1173 1110 nihil
1191 1046 1248 1110 illo
1266 1046 1366 1111 fuisse

299 1155 510 1218 excellentius
530 1155 582 1219 vel
605 1155 638 1218 in
661 1155 771 1219 vitiis
794 1155 845 1218 vel
875 1155 909 1217 in
935 1154 1158 1217 virtutibus.
1202 1152 1308 1218 Natus
1331 1154 1366 1217 in

299 1261 497 1345 amplissima
525 1262 655 1325 civitate
683 1283 808 1326 summo
832 1283 962 1346 genere,
992 1265 1060 1324 erat
1084 1261 1228 1324 omniurn
1251 1261 1366 1324 aetatis

298 1389 374 1431 suae
406 1368 510 1433 multo
543 1369 806 1452 formosissime,
841 1368 941 1452 dives,
973 1368 1014 1431 ad
1045 1370 1155 1431 omnes
1187 1389 1237 1430 res
1270 1371 1365 1450 aptus

299 1474 488 1558 consiliique
511 1474 639 1559 plenus,
663 1476 813 1558 disertus,
836 1475 929 1538 utin
952 1474 1065 1558 primis
1084 1474 1216 1537 dicendo
1236 1473 1366 1557 valeret,
1377 1496 1405 1536 ro

299 1581 385 1663 quod
416 1585 507 1644 tanta
539 1585 608 1644 erat
639 1582 872 1645 commendatio
903 1581 981 1644 oris
1013 1584 1127 1664 atque
1160 1581 1365 1664 orationis,

297 1691 334 1750 ut
357 1709 450 1751 nemo
475 1688 504 1750 ei
526 1692 634 1770 posset
657 1688 817 1773 resistere,
841 1709 913 1752 cum
937 1692 1063 1771 tempus
1085 1685 1250 1771 poscebat,
1277 1687 1364 1752 labo-

298 1793 414 1877 riosuS,
444 1795 583 1879 patiens;
613 1795 768 1878 liberalis,
799 1795 984 1878 splendidus
1013 1816 1078 1857 non
1107 1794 1213 1858 minus
1241 1794 1274 1857 in
1297 1794 1365 1858 vita

299 1923 395 1984 quam
416 1900 450 1963 in
468 1901 569 1986 victu,
594 1901 744 1984 affabilis,
767 1901 917 1984 blandus,
941 1901 1140 1984 temporibus
1159 1901 1364 1965 callidissime

298 2007 446 2073 serviens,
471 2052 473 2056 .
1376 2029 1403 2069 15

386 2110 488 2197 ldem,
520 2115 654 2178 simulac
682 2138 717 2179 se
751 2116 917 2180 remiserat
946 2137 1049 2199 neque
1082 2135 1193 2179 causa
1225 2116 1364 2197 suberat,

299 2244 413 2304 quare
447 2222 547 2285 animi
578 2221 722 2285 laborem
752 2223 921 2304 perferret,
952 2221 1149 2305 luxuriesus,
1181 2221 1364 2305 dissolutus

298 2327 502 2412 libidinosus,
533 2329 749 2412 intemperans
776 2329 1007 2411 reperiebatur,
1037 2332 1074 2391 ut
1097 2349 1206 2391 omnes
1230 2327 1364 2391 admira·

298 2438 410 2497 rentur
433 2435 466 2497 in
489 2457 561 2498 uno
585 2435 715 2498 homine
738 2440 862 2499 tantam
886 2457 953 2499 esse
973 2433 1266 2498 dissimilitudinem
1284 2417 1390 2496 tam-⁹

300 2562 362 2624 que
386 2542 574 2605 diversam
598 2546 755 2606 naturam.
1085 2613 1089 2619 ι
1374 2562 1402 2600 ao

102 2675 148 2715 An
162 2676 261 2726 augona.
387 2646 419 2715 2.
444 2648 608 2711 Educatus
632 2653 680 2711 est
703 2649 737 2712 in
762 2650 856 2713 domo
875 2648 1021 2731 Periclis,
1045 2644 1182 2731 quocum
1206 2647 1365 2711 affinitate

299 2755 488 2819 coniunctus
518 2760 599 2839 erat,
631 2756 775 2819 eruditus
803 2779 822 2819 a
846 2754 989 2838 Socrate,
1021 2756 1076 2839 qui
1103 2777 1176 2819 eum
1203 2754 1263 2817 filii
1292 2753 1364 2817 loco

299 2864 439 2947 amabat3
476 2884 621 2926 socerum
653 2863 768 2926 habuit
799 2861 1032 2945 Hipponicum,
1069 2862 1212 2925 omnium
1245 2859 1366 2924 Graeca

297 2969 409 3053 lingua
431 2968 633 3052 loquentium
657 2970 864 3051 ditissimum,
888 2973 925 3032 ut
948 2971 1017 3053 ipse
1039 2990 1142 3053 neque
1164 2967 1258 3052 plura
1280 2969 1365 3031 bona

298 3098 401 3158 neque
437 3075 560 3139 maiora
591 3080 700 3159 posset
732 3076 896 3159 consequi,
935 3098 1030 3159 quam
1062 3076 1114 3139 vel
1146 3079 1282 3138 natura
1313 3073 1402 3137 velas

298 3183 457 3246 fortuna
479 3182 645 3245 tribuerat⁴

96 3315 123 3355 A.
137 3327 190 3356 zum
203 3316 270 3356 aaa
387 3286 419 3355 3.
449 3288 540 3352 Bello
573 3288 806 3372 Peloponnesio
836 3289 903 3352 eius
934 3289 1067 3352 consilio
1100 3293 1196 3372 atque
1229 3287 1364 3351 auctori·
1413 3264 1440 3357 ff

88 3379 274 3428 ¹¹⁰¹¹¹¹⁸⁸Wl¹¹¹l
298 3400 364 3459 tate
400 3394 613 3460 Athenienses
654 3396 776 3460 bellum
814 3393 1021 3479 Syracusanis
1062 3396 1253 3459 indixerunt.
1312 3392 1429 3456 Adne

299 3503 385 3586 quod
421 3504 596 3587 gerendum
633 3503 701 3587 ipse
734 3503 797 3566 dux
831 3503 971 3567 delectus
1003 3507 1065 3586 est3
1102 3503 1164 3565 duo
1200 3505 1365 3584 praeterea

299 3609 440 3695 collegae
464 3610 529 3672 dati
554 3615 641 3692 sunt,
665 3610 775 3674 Nicias
799 3614 831 3673 et
853 3609 1041 3673 Lamachus.
1374 3629 1401 3668 eo

75 3742 290 3784 meinamma
388 3714 425 3779 Id
449 3738 521 3781 eum
545 3721 767 3801 appararetur,
790 3717 978 3800 priusquam
1002 3716 1112 3779 classis
1131 3716 1244 3798 exiret,
1269 3715 1364 3778 acci-

75 3806 370 3918 fjssuffizssffissdit,
400 3827 441 3886 ut
472 3846 536 3887 una
566 3828 659 3888 nocte
690 3846 801 3888 omnes
823 3823 998 3907 Hermae,
1028 3821 1083 3907 qui
1105 3821 1242 3886 Athenis
1266 3826 1365 3904 erant,

300 3930 543 3994 deicerentur
565 3935 692 4014 praeter
714 3953 827 4012 unum,
852 3930 908 4014 qui
931 3934 1005 3994 ante
1024 3924 1151 3993 ianuam
1171 3934 1240 4018 erat
1257 3927 1364 3992 Ando-

299 4038 386 4102 cidis.
440 4036 512 4100 Hoc
544 4059 616 4101 cum
646 4041 813 4122 appareret
844 4059 908 4100 non
941 4037 1009 4100 sine
1040 4056 1157 4122 magna
1188 4036 1364 4099 multorum

299 4145 506 4209 consensione
537 4166 604 4207 esse
634 4146 768 4226 factum,
800 4167 880 4227 quae
910 4165 975 4207 non
1005 4143 1045 4206 ad
1076 4144 1277 4226 privatam,
1310 4143 1401 4206 sedas
