2940 4710
231 352 250 415 g
624 343 905 398 rnaursroonns.

231 509 403 593 quotannis
422 508 581 591 interiret,
600 507 667 570 ille
685 507 879 590 persuasit
899 508 1033 592 populo,
1052 512 1089 572 ut
1108 521 1144 572 ea
1164 511 1298 593 pecunia

231 617 340 680 elassis
364 619 491 679 centum
515 615 645 678 navium
669 614 897 678 aedificaretur.
936 613 1005 690 Qua
1024 615 1170 679 celeriter
1188 617 1298 681 effecta
1307 630 1358 685 487

229 724 370 807 primum
402 721 577 806 Aeginetae
614 721 725 806 tregit,
763 720 875 784 deinde
912 721 1091 785 maritimos
1122 724 1298 806 praedones

230 829 440 893 consectando
471 851 558 892 mare
586 832 693 891 tutum
721 827 867 890 reddidit.
913 825 952 890 ln
975 849 1038 911 quo
1067 850 1148 891 cum
1177 831 1298 894 divitiis

230 937 371 1019 ornavit,
394 939 474 999 turn
498 935 595 998 etiam
617 933 830 1017 peritissimos
853 933 931 997 belli
953 933 1077 1011 uvalis
1099 936 1176 999 fecit
1199 935 1319 1001 Athe-5

230 1044 363 1107 nienses

11 1175 97 1214 xerxes
120 1176 174 1214 arn
194 1139 221 1214 ai
318 1147 356 1212 Id
387 1149 524 1232 quantae
557 1147 654 1211 saluti
685 1148 784 1210 fuerit
816 1147 982 1210 universae
1016 1146 1179 1230 Graeciae,
1211 1150 1296 1213 bello

30 1237 200 1339 Grimefffland
231 1257 396 1341 cognitum
420 1260 469 1319 est
491 1254 634 1338 Persice,
658 1276 731 1317 oum
753 1253 875 1317 Xerxes
899 1258 985 1317 terra
1007 1255 1153 1339 marique
1175 1256 1297 1319 bellum

229 1363 396 1426 universae
420 1363 553 1425 inferret
576 1361 725 1444 Europae
745 1382 817 1424 cum
836 1361 935 1424 tantis
955 1361 1068 1444 copiis,
1092 1367 1227 1445 quantas
1246 1376 1360 1432 ne-4so

230 1491 291 1552 que
310 1473 404 1532 antea
422 1490 480 1532 nec
498 1473 610 1551 postea
623 1468 739 1531 habuit
754 1468 931 1551 quisquam.
962 1467 1068 1531 Huius
1083 1469 1168 1531 enim
1188 1470 1297 1533 classis
1308 1492 1333 1530 10

229 1575 318 1638 mille
348 1579 380 1638 et
409 1575 617 1640 ducentarum
645 1575 776 1638 navium
804 1573 974 1658 longarum
1004 1574 1080 1657 fuit,
1110 1597 1206 1658 quam
1234 1577 1297 1640 duo

229 1682 319 1744 milia
338 1683 556 1746 onerariarum
576 1682 804 1765 sequebantur,
827 1684 994 1743 terrestres
1013 1685 1120 1744 autern
1140 1684 1298 1746 exercitus

231 1789 435 1873 septingenta
456 1789 614 1872 peditum,
640 1788 785 1871 equitum
810 1787 1024 1871 quadraginta
1047 1788 1136 1851 milia
1159 1789 1297 1853 fuerunt.

34 1914 77 1954 na
91 1915 195 1955 Athena
231 1931 272 1939 —
294 1893 392 1958 Cuius
417 1896 455 1959 de
479 1896 618 1959 adventu
638 1916 710 1957 cum
729 1895 815 1956 fama
834 1894 867 1956 in
888 1892 1054 1957 Graeciam
1074 1899 1157 1958 esset
1174 1896 1298 1979 perlata

11 1977 262 2079 flissiffigcffljsset
289 2002 428 2066 maxime
455 2001 668 2066 Athenienses
697 2001 766 2084 peti
793 2001 974 2064 dicerentur
1001 2005 1133 2084 propter
1155 2024 1297 2087 pugnam
1308 2023 1333 2063 15

228 2107 478 2193 Marathoniam,
511 2110 540 2172 ei
568 2109 725 2171 miserunt
753 2107 897 2190 Delphos
925 2109 1120 2190 consultum,
1148 2111 1297 2190 quidnam

225 2215 362 2295 facerent
388 2218 424 2281 de
451 2217 539 2280 rebus
565 2216 639 2280 sais.
685 2214 948 2278 Deliberantibus
976 2213 1095 2298 Pythia
1124 2215 1297 2298 respondit,

227 2327 263 2386 at
293 2322 449 2387 moenibus
486 2322 621 2404 liparis
652 2342 683 2386 se
718 2323 882 2386 munirent.
937 2318 975 2383 Id
1007 2343 1196 2404 responsum
1233 2344 1296 2404 quo

228 2429 360 2512 valeret,
394 2451 466 2492 cum
499 2427 700 2513 intellegeret
731 2449 839 2510 nemo,
876 2427 1108 2490 Themistocles
1139 2428 1297 2510 persuasit

229 2536 352 2599 civibus
391 2536 555 2601 eonsilium
586 2555 647 2600 esse
675 2535 849 2617 Apollinis,
879 2540 915 2599 at
938 2536 976 2598 ia
997 2555 1108 2600 acces
1130 2555 1161 2599 se
1182 2555 1333 2616 saaqaeao

227 2644 414 2722 conferrent:
446 2662 515 2706 eam
546 2643 629 2706 caim
660 2664 682 2706 o
713 2643 766 2706 deo
786 2642 968 2724 'signficari
997 2662 1123 2706 maram
1155 2642 1297 2724 thaeum.

228 2747 299 2810 Tali
323 2747 457 2811 consilio
480 2748 618 2831 probato
642 2748 763 2812 addunt
787 2748 828 2810 ad
848 2749 1028 2832 superiores
1046 2749 1182 2812 totidem
1201 2770 1297 2812 naves

228 2853 388 2937 triremeS,
419 2876 539 2938 suaque
570 2856 691 2937 omnia,
722 2843 802 2938 quae
832 2856 955 2919 moveri
984 2859 1147 2938 poterant,
1177 2855 1296 2936 partim

229 2959 424 3024 Salaminem
456 2962 576 3044 partim
604 2961 797 3024 Troezenem
831 2962 1010 3043 deportant.
1051 2960 1168 3024 Arcem
1197 2983 1296 3024 sacer·

142 3075 144 3078 ‘
229 3067 359 3130 dotibus
373 3068 547 3150 paucisque
566 3067 743 3130 maioribus
761 3071 840 3130 natu
859 3067 899 3130 ad
918 3089 1007 3130 sacra
1020 3068 1220 3150 procuranda
1234 3072 1331 3131 tra-as

208 3173 321 3254 dunt,
344 3173 505 3256 reliquum
529 3172 683 3256 oppidum
706 3174 901 3258 relinquunt.

11 3303 49 3342 ose
63 3303 163 3351 Kampsa
181 3305 218 3343 ne
316 3276 350 3346 3.
374 3279 599 3343 Themistoclis
623 3280 792 3344 consilium
819 3302 900 3344 cum
926 3281 1088 3363 plerisque
1112 3281 1296 3345 civitatibus

11 3366 455 3469 ffluffinffljdispliceret
469 3391 501 3449 et
515 3387 550 3449 in
563 3389 649 3450 terra
665 3387 810 3450 dimicari
824 3388 945 3472 magis
964 3387 1147 3470 placeret,
1167 3389 1295 3452 interim

66 3489 164 3529 midam·
228 3492 319 3555 missi
342 3497 433 3556 erant
457 3493 572 3556 delecti
595 3514 667 3556 cum
686 3493 841 3577 Leonida,
864 3494 1189 3557 Lacedaemoniorum
1212 3517 1296 3580 rege,

229 3600 285 3682 qui
303 3599 536 3683 Thermopylas
556 3604 748 3683 occuparent
766 3600 958 3684 longiusque
977 3601 1132 3664 barberos
1145 3602 1296 3686 progredi
1306 3624 1332 3662 so

228 3726 293 3768 non
315 3709 510 3788 paterentur.
556 3704 584 3770 Ii
606 3707 673 3769 vim
696 3705 841 3771 hostium
864 3729 929 3770 non
952 3707 1172 3770 sustinuerunt
1196 3729 1295 3792 eoque

227 3811 298 3875 loco
329 3833 440 3875 omnes
469 3811 713 3877 Lacedaemonii
742 3814 941 3877 interierunt.
992 3812 1037 3876 At
1070 3813 1180 3877 classis
1212 3829 1358 3885 com-480

227 3919 334 3982 munis
350 3917 500 3983 Graeciae
514 3923 729 3984 trecentarum
748 3921 892 4002 navium,
911 3921 944 3983 in
959 3943 1023 4003 qua
1037 3920 1190 3984 ducentae
1204 3926 1296 3985 erant

227 4023 487 4115 Atheniensium,
516 4027 657 4110 primum
681 4028 766 4110 apud
788 4026 999 4091 Artemisium
1023 4028 1107 4090 inter
1129 4026 1295 4092 Euboeam

228 4133 508 4216 continentemque
544 4138 661 4197 terram
700 4155 772 4196 cum
805 4134 975 4197 classiariis
1007 4135 1104 4218 regiis
1142 4135 1294 4199 conflixit.
1305 4158 1330 4197 aa
