2940 4710
232 344 273 406 10
621 325 901 394 Taruisrooms.

230 503 339 565 eadem
354 493 461 566 minus
476 503 588 567 diebus
602 503 738 588 triginta
753 504 788 566 in
802 501 912 566 Asiam
928 504 1060 566 revertit
1074 526 1170 587 seque
1186 528 1203 566 a
1217 505 1296 568 The-

230 609 375 672 mistocle
399 631 464 672 non
492 613 725 693 superatum,
756 611 811 673 sed
841 615 1107 673 conservatum
1136 611 1296 674 iudicavit.

13 740 57 780 na
73 741 211 789 neaeurung
320 715 372 778 Sic
402 717 497 780 unius
526 718 588 780 viri
601 787 603 791 ,
616 716 786 799 prudentia
810 715 943 780 Graecia
964 717 1102 781 liberata
1125 722 1173 780 est
1196 717 1296 781 Euro-

21 802 206 905 ᾱθζξζξηᾚώ
229 845 351 905 paeque
374 825 544 887 succubuit
566 823 652 887 Asia.
699 822 788 887 Haec
818 827 886 887 erat
914 825 1015 887 altera
1037 824 1185 908 victoria,
1216 847 1296 907 quae

229 951 302 992 cum
320 929 524 1009 Marathonia
542 932 645 1014 possit
665 930 850 1013 comparari.
891 930 977 995 Nam
1000 932 1070 1013 pari
1093 932 1188 994 modo
1213 932 1296 1014 apud
1319 953 1332 992 5

230 1036 424 1101 Salaminem
451 1059 568 1120 parvo
599 1059 732 1101 numero
759 1037 890 1101 navium
913 1038 1076 1100 maxima
1098 1042 1171 1120 post
1194 1038 1296 1101 homi-

229 1166 305 1206 num
329 1145 517 1207 memoriam
541 1144 651 1207 classis
674 1149 722 1208 est
746 1145 877 1208 devicta.

33 1275 74 1314 aa.
89 1275 138 1323 roge
152 1276 196 1313 aen
318 1248 350 1314 t.
375 1250 512 1336 Magnus
530 1249 592 1314 hoc
615 1251 718 1314 bello
738 1251 969 1314 Themistocles
988 1252 1051 1314 fuit
1070 1273 1172 1336 neque
1191 1251 1296 1315 minor
1305 1258 1359 1341 482

7 1337 267 1419 parsimoniam
302 1379 400 1440 pace.
461 1356 542 1420 Cum
579 1359 664 1420 enim
701 1358 868 1422 Phalerico
904 1362 1001 1441 portu
1038 1381 1140 1442 neque
1177 1381 1294 1442 magno
1305 1333 1357 1438 iii

228 1487 331 1548 neque
358 1465 443 1528 bono
467 1463 680 1528 Athenienses
708 1468 886 1547 uterentur,
920 1465 988 1528 eius
1017 1465 1150 1528 consilio
1178 1465 1295 1548 triplex
1307 1489 1332 1526 ιο

227 1571 333 1653 Piraei
365 1575 478 1653 portus
511 1572 706 1634 constitutus
738 1575 786 1634 est
816 1572 940 1655 iisque
971 1571 1139 1634 moenibus
1164 1573 1295 1635 circum-

228 1679 333 1761 datus,
364 1683 404 1741 ut
428 1679 530 1760 ipsam
554 1679 664 1741 urbem
695 1679 852 1772 dignitate
881 1679 1124 1761 adaequaret,
1154 1679 1295 1741 utilitate

228 1789 434 1868 superaret.

7 1915 115 1955 naneae
129 1917 219 1955 arose·
316 1890 405 1956 ldem
438 1914 547 1955 muros
567 1874 816 1955 vAtheniensium
849 1893 992 1955 restituit
1023 1893 1194 1975 praecipuo
1228 1897 1358 1956 su0478

7 1977 378 2081 f⁰³²¹⁸g²ss²50ffh⁰¹¹⁸perieulo.
442 1999 591 2082 Namque
636 1998 929 2062 Lacedaemonii
974 2021 1102 2062 causam
1147 1999 1294 2063 idoneam
1306 2022 1330 2061 15

227 2106 329 2169 nacti
365 2110 498 2189 propter
533 2107 744 2170 barbarorum
781 2107 996 2189 excursiones,
1038 2128 1101 2189 qua
1141 2112 1295 2192 negarent

226 2220 360 2297 oportere
391 2220 477 2278 entra
504 2213 746 2296 Peloponnesum
777 2214 877 2277 uttam
908 2214 1013 2278 nrbcrn
1044 2234 1149 2278 muros
1179 2215 1295 2297 habere,

225 2341 264 2384 ne
286 2326 382 2388 essent
404 2322 470 2385 loca
492 2321 627 2404 mnnita,
650 2341 728 2401 qnae
744 2319 844 2384 bostra
856 2317 1058 2402 possiderent,
1082 2317 1294 2383 Athenienses

227 2426 430 2490 aedificantes
465 2425 636 2510 prohibere
672 2430 761 2488 sunt
798 2426 935 2489 conati.
981 2425 1053 2488 Hoc
1084 2426 1179 2510 longe
1216 2426 1293 2489 alio

226 2534 391 2616 spectabat
415 2538 527 2616 atque
550 2533 652 2595 rideri
675 2533 842 2595 volebant·
875 2531 1088 2595 Athenienses
1111 2533 1196 2594 enim
1221 2533 1330 2594 dua-20

226 2640 286 2702 bus
309 2640 465 2722 victoriis,
488 2639 693 2702 Marathonia
716 2644 748 2702 et
772 2638 959 2722 Salaminia,
989 2643 1134 2702 tantam
1158 2638 1294 2723 gloriam

226 2747 310 2829 apud
347 2768 457 2810 omnes
494 2750 606 2831 gentes
643 2751 734 2809 erant
773 2747 948 2829 consecuti,
989 2750 1031 2809 ut
1071 2746 1295 2831 intellegerent

225 2847 469 2917 Lacedaemonii
503 2855 541 2917 de
570 2854 753 2937 principatu
785 2854 848 2917 sibi
876 2875 947 2916 cum
971 2853 1011 2915 iis
1034 2856 1194 2916 certamen
1217 2853 1293 2917 fore.

226 2959 330 3035 Quare
349 2983 403 3023 eos
422 2983 517 3044 quam
538 2961 773 3024 infirmissimos
791 2960 951 3023 volebant.
992 2959 1168 3042 Postquam
1188 2963 1294 3022 autem

226 3067 394 3129 audierunt
425 3088 534 3129 muros
561 3068 696 3148 exstrui,
728 3067 852 3150 legatos
879 3065 1024 3128 Athenas
1046 3065 1215 3149 miserunt,
1239 3067 1295 3149 qui
1304 3088 1330 3128 ac

224 3173 258 3234 id
285 3173 354 3236 fieri
378 3177 531 3236 vetarent.
577 3173 639 3236 His
668 3173 890 3256 praesentibus
922 3173 971 3236 illi
1004 3172 1166 3236 desierunt
1198 3194 1233 3234 ac
1265 3195 1295 3237 sc

224 3282 261 3344 de
282 3301 319 3344 ea
341 3303 374 3346 re
397 3283 508 3362 tepatos
531 3282 573 3344 ad
595 3301 642 3345 eos
665 3283 813 3346 missuros
837 3281 995 3343 dixerunt.

18 3411 59 3451 ra.
73 3411 129 3460 geht
142 3411 204 3450 naon
316 3386 409 3450 Hanc
448 3387 643 3472 legationem
685 3388 825 3471 suscepit
862 3387 1093 3451 Themistocles
1135 3392 1167 3450 et
1208 3387 1295 3450 solus

7 3471 349 3576 s„'}¹1⁸‚³2}l{‚Jsssslssff¹primo
375 3495 538 3576 profectus
562 3500 622 3578 est3
659 3495 771 3576 reliqui
793 3495 884 3578 lepatc'
906 3499 941 3558 nt
962 3499 1036 3558 turn
1058 3495 1187 3578 exirent,
1217 3515 1295 3559 cnm

83 3599 140 3648 ΠΨ·
225 3604 303 3666 sotis
325 3603 382 3666 ulti
405 3604 448 3667 ad
469 3604 614 3666 tuendum
636 3602 721 3665 murt
742 3602 1095 3685 commendarentur,
1118 3602 1330 3686 praecepium

225 3709 350 3772 interim
373 3729 488 3792 onnes,
519 3709 599 3773 snei
621 3713 711 3791 atque
733 3707 834 3792 liberi,
866 3729 942 3790 opus
962 3708 1099 3788 facerent
1120 3730 1214 3791 neque
1236 3710 1295 3774 ertu

226 3815 288 3880 toro
304 3821 480 3900 parcerent,
507 3816 570 3880 siin
591 3835 677 3880 sacer
699 3819 774 3879 esset
794 3816 856 3880 sive
873 3814 1040 3899 potorius,
1068 3816 1130 3880 sine
1149 3816 1295 3898 privatus

224 3924 286 3986 sine
310 3923 466 4005 publicus,
497 3926 526 3986 et
555 3923 704 4005 anteque,
735 3923 817 4003 qnod
846 3923 989 3988 maneum
1021 3923 1064 3986 ad
1093 3923 1295 3986 manendum

218 4033 378 4114 putarent,
401 4034 631 4113 comportarent.
669 4026 738 4103 Quo
762 4028 883 4092 factum
903 4033 1024 4112 estfut
1047 4028 1293 4092 Atheniensium
1319 4102 1326 4113 .

224 4136 309 4199 muri
332 4158 370 4199 ex
394 4135 519 4200 sacellis
542 4135 759 4218 sepulcrisque
783 4140 973 4199 constarent.
1304 4156 1330 4196 er
