2940 4710
181 410 187 421 .
270 355 312 417 34
665 348 939 404 EPAMINONDAS.

66 542 98 581 n.
112 541 143 580 nt
157 541 198 580 ma
213 552 251 589 ge·
358 509 390 579 4.
415 513 500 576 Huic
527 536 586 597 pro
618 513 718 576 tantis
751 513 874 576 meritis
906 513 1038 576 honoris
1062 535 1157 576 causa
1180 534 1339 576 coronae

66 604 248 705 lffi-{lffg
269 621 389 703 populo
414 621 487 683 data
510 625 571 702 est,
603 620 688 682 facta
718 619 841 682 duabus
865 620 1000 704 virgulis
1024 620 1187 705 oleagtnis.
1235 618 1338 695 Quam

270 728 356 811 quod
379 749 482 791 amor
506 727 624 791 civium
644 727 786 809 dederat,
810 748 875 789 non
898 727 956 789 vis
980 730 1192 809 expresserat,
1216 726 1338 789 nullam

268 834 383 898 habuit
416 834 566 897 invidiam
602 854 800 918 magnaeque
833 832 896 895 fuit
929 833 1060 918 gloriae.
1115 833 1201 896 Bene
1239 833 1340 917 igitur

270 939 446 1003 Pittacus
483 940 550 1023 ille,
589 941 643 1023 qui
677 940 710 1002 in
743 942 864 1021 septem
898 939 1092 1022 sapientium
1125 961 1258 1003 numero
1291 945 1376 1003 ests

268 1046 412 1129 habitus,
446 1068 517 1109 cum
549 1045 736 1128 Mytilenaei
769 1046 872 1109 multa
904 1045 995 1108 milia
1027 1045 1175 1131 iugerum
1207 1047 1277 1132 agri
1310 1048 1340 1110 ei

270 1153 395 1216 muneri
414 1153 538 1236 darent,
553 1151 667 1238 nolite,
686 1173 738 1217 oro
756 1147 828 1238 oos,'
850 1152 978 1235 inquit
994 1148 1040 1217 ‘n‘d
1057 1153 1135 1217 oniti
1153 1155 1240 1238 darc,
1259 1156 1342 1235 qnod

269 1261 360 1324 malti
381 1261 589 1342 invideant,
615 1260 725 1342 plnres
747 1260 841 1324 etiam
862 1261 1133 1342 concupiscant.
1181 1260 1283 1340 Qroare
1306 1281 1341 1325 ec

270 1368 338 1432 istis
364 1367 434 1432 nolo
461 1366 597 1449 amplias
628 1387 723 1449 qnam
753 1371 872 1432 centnm
905 1367 1025 1451 lespera,
1057 1387 1136 1449 qrrae
1167 1371 1196 1431 et
1226 1387 1340 1431 meam

270 1475 372 1539 animi
393 1474 576 1556 aequitatem
599 1478 627 1538 et
657 1479 816 1539 vestram
845 1474 1032 1539 volantatem
1054 1471 1206 1538 indtoent?
1254 1472 1339 1536 Nam
1352 1497 1378 1536 a

271 1602 388 1663 parra
421 1602 553 1643 munera
589 1579 727 1663 diutina,
765 1579 977 1662 locupletia
1013 1601 1078 1643 non
1110 1580 1241 1662 propria
1273 1602 1341 1643 esse

272 1690 473 1749 consuerunt.
529 1682 589 1748 Illa
627 1687 728 1771 igitur
765 1709 883 1750 corona
915 1690 1085 1750 contentus
1119 1686 1341 1769 Thrasybulus

272 1815 374 1876 neque
407 1792 544 1875 amplius
579 1792 747 1875 requisivit
784 1816 886 1876 neque
924 1815 1116 1876 quemquam
1153 1794 1274 1856 honore
1307 1816 1341 1857 se

273 1900 479 1964 antecessisse
503 1899 708 1963 existimavit.
753 1911 755 1915 '

362 2003 547 2089 Insequenti
571 2010 728 2090 tempore,
762 2028 833 2069 cum
865 2010 995 2089 praetor
1024 2005 1157 2070 classem
1186 2008 1226 2069 ad
1248 2006 1340 2070 Pam·
1353 2031 1378 2070 a

273 2113 418 2195 phyliam
442 2112 618 2195 appulisset
649 2135 751 2197 neque
782 2114 861 2176 satis
885 2113 1056 2197 diligenter
1079 2113 1112 2176 in
1136 2115 1249 2177 castris
1272 2115 1341 2178 eius

274 2223 444 2304 agerentur
463 2219 604 2303 vigiliae,
629 2243 647 2282 a
670 2220 845 2283 barbaris
869 2242 908 2283 ex
933 2218 1051 2302 oppido
1071 2218 1221 2302 Aspendo
1243 2226 1341 2284 noctu

274 2325 440 2408 eruptione
463 2325 548 2388 facta
572 2326 604 2389 in
628 2326 835 2390 tabernaculo
860 2327 1090 2389 interfectus
1114 2333 1179 2390 est.
1350 2333 1408 2390 890

707 2524 915 2532 ——-—.

621 2661 689 2727 IX.
718 2662 993 2746 Epaminondas·

275 2794 310 2851 A.
333 2791 409 2867 Kap.
432 2795 462 2850 1:
491 2779 571 2850 llber
594 2793 641 2850 die
665 2793 928 2853 Verschiedenheit
950 2795 1148 2872 griechischer
1169 2796 1230 2853 und
1253 2795 1380 2853 romi-20

336 2882 421 2940 soher
444 2881 550 2940 Sitten.
597 2880 778 2961 Gliederung
800 2884 851 2942 des
876 2883 990 2942 Stoffes

275 2989 309 3047 B.
333 2988 409 3063 Kap.
429 2991 537 3048 2—9:
570 2989 793 3063 Epaminondas
821 2988 915 3048 besass
943 2988 1038 3066 grosse
1066 2990 1251 3066 ktrperliche
1282 2991 1342 3048 und

338 3079 468 3246 iillilaiii.
489 3077 712 3242 lyzorlllggenoss
737 3168 801 3224 eine
825 3168 992 3244 vielseitige
1008 3168 1193 3247 'Erziehung

337 3254 370 3334 b)
394 3254 469 3330 Kap.
486 3257 590 3314 3—7:
614 3255 670 3312 Die
689 3255 1022 3315 bemerkenswertesten
1037 3257 1268 3334 Eigenschaften
1291 3258 1379 3315 desta

394 3344 427 3401 E.
454 3362 553 3402 waren
577 3344 880 3422 Uneigenm'itzigkeit
908 3338 997 3426 (Kap.
1023 3349 1070 3424 3),
1101 3346 1342 3405 Unbestechlich·

394 3434 457 3491 keit
471 3427 560 3512 (Kap.
572 3426 616 3514 4),
637 3433 902 3511 Schlagfertigkeit
915 3436 956 3492 im
971 3435 1073 3493 Reden
1088 3429 1208 3514 (Kapt
1222 3435 1283 3511 und
1300 3428 1343 3515 6),

394 3523 637 3600 Friedfertigkeit
660 3524 720 3581 und
746 3523 1001 3581 Vaterlandsliebe
1026 3516 1115 3604 (Kap.
1138 3519 1179 3604 7).

339 3604 369 3692 c)
394 3611 470 3686 Kap.
487 3613 505 3670 8
524 3613 585 3670 und
606 3616 640 3672 9:
664 3612 697 3670 Ε.
721 3612 821 3670 wurde
844 3631 902 3670 von
926 3613 1027 3670 seinen
1045 3612 1231 3690 Mitbr'irgern
1254 3613 1343 3670 hoch-

395 3701 546 3777 geachtet,
571 3701 664 3777 siegte
687 3701 736 3759 bei
758 3701 911 3759 Mantinea
933 3701 995 3761 und
1013 3701 1062 3759 fiel
1085 3701 1248 3761 daselbst.·
1352 3718 1381 3756 ao

278 3809 309 3865 (ἶ.
332 3806 407 3883 Kap.
430 3811 483 3887 1ος
509 3807 543 3865 Ε.
567 3807 621 3867 hat
644 3808 708 3866 sich
732 3808 901 3865 dauernden
924 3807 1097 3866 Nachruhm
1121 3807 1280 3867 erworben.

58 3952 98 3991 me
108 3952 269 4001 griechischen
367 3923 399 3992 l.
437 3925 628 4009 Priusquam
671 3927 709 3989 de
747 3925 984 4008 Epaminonda,
1025 3924 1225 4008 Polymuidis
1266 3926 1343 4008 filio,-

57 4013 225 4116 {2²13}ssssss
225 4025 268 4115 (ἵξῃ
278 4033 444 4114 Thebane,
477 4033 660 4116 scribimus,
692 4033 783 4095 haec
815 4032 1037 4115 praecipienda
1068 4032 1216 4095 videntur
1247 4032 1343 4095 lecto-

92 4139 227 4177 ¹l¹¹¹i⁸⁰¹¹ffi
279 4140 381 4223 ribuS,
414 4162 457 4202 ne
491 4138 637 4202 alienos
670 4160 774 4202 mores
798 4139 838 4201 ad
868 4160 958 4201 suos
988 4139 1141 4219 referant,
1174 4160 1265 4201 neve
1298 4160 1343 4219 ea,
