2940 4710
609 368 817 424 PELOPIDAS.
1202 377 1243 438 41

177 533 434 616 Epaminondam
452 536 564 595 natum
583 538 615 595 et
639 537 724 616 post
743 533 884 596 eiusdem
903 533 1070 596 interitum
1089 538 1245 618 perpetuo

178 641 281 703 alieno
312 640 455 722 paruisse
486 641 634 722 imperio,
667 644 779 703 contra
811 662 859 721 ea,
893 640 1046 723 quamdiu
1074 640 1129 704 ille
1156 662 1244 723 prae-

177 747 276 810 fuerit
299 747 346 809 rei
368 746 528 830 publicae,
553 751 648 830 caput
670 747 769 810 fuisse
793 747 894 810 totius
914 745 1073 811 Graeciae.
1110 747 1244 830 Exque

177 854 323 938 intellegi
355 858 462 936 potest
495 876 594 916 unum
626 853 790 916 hominem
822 853 924 936 pluris
955 877 1050 936 quam
1081 855 1244 918 civitatem

154 960 284 1024 afuisse.

555 1367 557 1371 Ι
574 1277 620 1346 Χ.
644 1278 848 1363 Pelopidas.

177 1414 212 1471 A.
232 1412 307 1487 Kap.
330 1415 361 1470 1:
385 1412 505 1469 Theben
533 1412 574 1469 ist
600 1412 642 1467 im
665 1411 780 1469 Besitze
809 1411 861 1468 der
885 1411 1059 1487 Spartana,
1087 1413 1243 1487 Pelopidas

234 1503 266 1558 in
289 1502 341 1558 der
363 1501 574 1577 Verbannung.

176 1608 209 1667 B.
234 1608 310 1683 Kap.
327 1611 344 1666 2
360 1609 421 1665 und
437 1611 469 1667 3:
493 1608 525 1668 P.
544 1607 615 1665 hilft
638 1606 758 1664 Theben
782 1626 817 1664 zu
839 1606 979 1665 betreien.

141 1714 207 1775 1⁰0.
231 1714 418 1790 Kap.4nnd
434 1717 466 1775 5:
494 1715 527 1774 P.
551 1715 641 1772 wirht
667 1715 709 1771 im
736 1714 880 1772 befreiteu
905 1715 1024 1772 Theben
1047 1715 1142 1772 neben
1166 1715 1243 1790 Epa-

234 1805 403 1879 minondas3
428 1824 460 1862 er
481 1804 550 1862 fallt
571 1805 603 1862 in
627 1803 807 1862 Thessalien.

265 1921 297 1990 l.
321 1922 502 1987 Phoebidas
533 1922 803 1986 Lacedaemonius
836 1944 908 1986 cum
941 1925 1116 1986 exercitum
1147 1921 1243 2006 Olyn-
1272 1944 1314 1984 na
1328 1943 1453 1992 sparuna

176 2030 269 2094 thum
294 2030 422 2094 duceret
446 2031 571 2112 iterque
593 2052 651 2112 per
673 2029 800 2092 Thebas
823 2030 954 2112 faceret,
979 2052 1100 2092 arcem
1124 2030 1243 2112 oppidi,
1252 2007 1465 2047 b⁰⁸⁰t²⁰¹¹T¹¹⁶b⁶²

111 2137 258 2221 882quae
283 2135 420 2200 Cadmea
444 2137 641 2217 nominatur,
673 2137 874 2219 occupavit
904 2136 1045 2218 impulsu
1068 2157 1243 2218 paucorum

141 2261 166 2302 rs
176 2244 415 2326 Thebanorum,
446 2243 514 2326 qui,
546 2265 609 2326 quo
637 2243 764 2306 facilius
792 2243 989 2306 adversariae
1012 2243 1146 2306 factioni
1169 2243 1243 2305 resi-

176 2354 309 2433 sterent,
327 2350 491 2413 Laconum
511 2350 605 2412 rebus
625 2350 809 2432 studebant,
833 2349 929 2432 idque
948 2371 1005 2412 suo
1024 2349 1160 2433 privato,
1179 2372 1244 2413 non

175 2457 306 2541 publico
336 2458 413 2520 fecit
443 2456 585 2520 consilio,
633 2455 702 2531 Quo
730 2457 816 2519 facto
840 2479 913 2519 eum
936 2455 1180 2520 Lacedaemonii
1203 2458 1242 2520 ab

95 2578 98 2582 ’
176 2564 318 2628 exercitu
342 2567 547 2627 removerunt
570 2585 673 2646 neque
692 2585 729 2626 eo
749 2564 852 2647 magis
871 2585 976 2626 arcem
995 2564 1156 2627 Thebanis
1175 2565 1243 2627 red-

176 2671 338 2752 diderunt,
358 2671 444 2754 qnod
463 2671 577 2733 melius
596 2670 755 2732 ducebant
770 2691 824 2733 eos
839 2671 978 2733 obsideri
993 2693 1089 2753 quam
1103 2671 1243 2735 liberari.

112 2779 167 2835 404
265 2777 350 2842 Nam
387 2781 461 2860 post
493 2776 762 2858 Peloponnesium
799 2776 920 2839 bellum
952 2775 1160 2860 Athenasque
1193 2779 1242 2840 de·
1262 2798 1383 2845 Pelopidas
1397 2798 1456 2837 wira

1299 2862 1418 2900 verbannt.

141 2904 166 2941 21
176 2884 277 2948 victas
307 2905 379 2947 cum
404 2882 564 2945 Thebanis
595 2883 657 2945 sibi
685 2904 752 2945 rem
780 2904 847 2945 esse
878 2883 1105 2946 existimabant
1133 2888 1165 2946 et
1189 2905 1242 2946 eos

176 3013 244 3054 esse
263 2991 361 3073 solos,
386 2991 440 3073 qui
464 2989 526 3052 sibi
550 2989 696 3052 resistere
716 2989 876 3052 auderent.
919 2989 989 3052 Hac
1007 2994 1113 3053 mente
1133 2991 1243 3053 amicis

166 3098 242 3161 >suis
257 3120 397 3161 summas
411 3101 586 3180 potestates
606 3097 757 3160 dederant
776 3096 971 3180 alteriusque
990 3097 1139 3160 factionis
1158 3098 1242 3180 prin-

176 3205 261 3288 cipes
285 3205 403 3287 partim
427 3203 665 3285 interfecerant,
696 3204 814 3287 partim
843 3204 876 3266 in
900 3205 1048 3268 exsilium
1072 3205 1242 3288 eiecerunt,

140 3331 166 3371 a
176 3312 210 3375 in
234 3312 351 3396 quibus
374 3310 558 3392 Pelopidas,
589 3310 626 3371 de
651 3331 714 3392 quo
738 3310 876 3373 scribere
900 3312 1004 3374 exorsi
1028 3333 1151 3392 summ,
1174 3312 1242 3393 pul-

176 3440 229 3482 sus
252 3419 357 3502 patria
381 3417 517 3480 carebat.

264 3523 297 3591 2.
321 3525 365 3588 Hi
390 3547 499 3587 omnes
522 3524 588 3587 fere
611 3523 756 3586 Athenas
787 3546 818 3586 se
844 3523 1057 3607 contulerant,
1090 3546 1154 3587 non
1178 3547 1294 3608 quonia
1314 3552 1466 3591 Verbannmn

176 3637 384 3716 sequerentur
403 3632 519 3714 otium,
543 3631 599 3694 sed
617 3635 666 3713 ut,
691 3652 786 3713 quem
804 3631 952 3713 proximo
972 3635 1116 3714 tempore
1134 3614 1464 3726 locumssssssssfflnffiff

175 3739 242 3802 fors
275 3738 456 3821 obtulisset,
489 3760 526 3800 eo
557 3738 695 3820 patriam
728 3759 914 3821 recuperare
947 3739 1132 3802 niterentur.
1179 3737 1240 3802 Ita·
1325 3740 1387 3779 “¹¹⁵-

139 3864 238 3930 soque
267 3868 338 3909 curn
369 3849 496 3928 tempus
527 3845 573 3908 rei
596 3845 752 3929 gerendae
776 3845 880 3908 visum
904 3851 999 3928 esset,
1030 3847 1242 3909 communiter

176 3974 248 4016 cum
272 3953 324 4035 iis,
349 3953 404 4036 qui
423 3951 543 4014 Thebis
566 3951 650 4014 idem
675 3953 868 4036 sentiebant,
893 3953 990 4016 diem
1014 3953 1241 4038 delegerunt

111 4063 166 4119 379
175 4061 215 4122 ad
243 4060 390 4140 inimicos
418 4058 644 4142 opprimendos
673 4059 900 4142 civitatemque
923 4059 1120 4122 liberandam
1145 4082 1241 4143 eum,

175 4189 239 4250 quo
263 4167 396 4230 maximi
418 4166 625 4250 magistratus
649 4166 745 4229 simul
769 4171 958 4230 consuerant
981 4167 1112 4250 epulari.
