2940 4710
565 354 724 409 PAUSANI
751 355 777 410 S.
1165 358 1204 421 15

138 522 281 605 fugatus,
310 524 351 583 ut
379 542 503 582 summa
533 519 661 601 imperii
690 518 845 581 maritimi
876 518 915 580 ab
946 515 1205 580 Lacedaemoniis

138 628 366 690 transferretur
396 627 436 688 ad
465 624 690 709 Athenienses,
721 647 859 709 namque
890 628 977 687 ante
1012 625 1045 688 id
1079 629 1205 707 tempus

137 739 224 797 terra
247 735 391 817 marique
416 733 509 794 duces
533 737 624 795 erant
642 731 895 795 Lacedaemonii.
928 731 1019 794 Tum
1043 734 1149 793 autem
1174 734 1206 792 et

139 840 386 922 intemperantia
409 839 586 902 Pausaniae
615 844 647 902 et
675 839 799 902 iustitia
823 839 944 901 factum
973 842 1021 901 est
1044 837 1206 919 Aristidis,

116 951 175 1010 aut
199 968 309 1009 omnes
337 948 403 1009 fere
428 946 573 1009 civitates
599 944 749 1009 Graeciae
772 947 812 1008 ad
835 944 1080 1032 Atheniensium
1110 945 1205 1007 socie-

139 1058 239 1117 tatem
270 1076 303 1116 se
333 1053 531 1136 applicarent
562 1057 594 1116 et
627 1057 738 1116 contra
767 1053 921 1116 barbaros
947 1074 1001 1116 eos
1026 1052 1087 1114 sibi
1112 1051 1205 1113 duces

139 1162 322 1246 deligerent.
1059 1161 1060 1164 ’

228 1267 262 1332 3.
288 1267 457 1350 Quosque
481 1267 608 1329 facilius
631 1266 834 1349 repellerent,
859 1266 886 1328 si
909 1266 992 1328 forte
1016 1265 1136 1328 bellum
1160 1287 1243 1328 re-l.
1258 1290 1364 1329 sammon
1384 1288 1409 1328 <n

139 1397 256 1438 novare
287 1378 491 1455 conarentur,
524 1373 564 1436 ad
594 1373 709 1435 classes
745 1373 955 1436 aedificandas
986 1372 1207 1454 exercitusque
1236 1353 1409 1454 Βζζὲξζζῖἓζη

68 1546 71 1551 ,
104 1501 130 1540 ιο
140 1481 369 1564 comparandos
405 1484 559 1563 quantum
597 1480 750 1562 pecuniae
784 1500 928 1562 quaeque
965 1479 1076 1541 civitas
1109 1479 1207 1560 daret,

139 1588 331 1652 Aristides
374 1588 545 1650 delectus
592 1591 661 1669 est,
709 1587 764 1669 qui
807 1586 1029 1668 constitueret,
1076 1586 1207 1668 eiusque

140 1696 274 1758 arbitrio
295 1695 514 1779 quadringena
534 1698 565 1756 et
585 1715 743 1778 sexagena
762 1693 884 1756 talenta
903 1693 1075 1776 quotannis
1089 1692 1206 1754 Delum

140 1807 215 1865 sunt
239 1802 367 1885 collata,
396 1801 429 1864 id
452 1801 538 1863 enim
563 1822 730 1863 commune
755 1801 913 1863 aerarium
937 1822 1004 1863 esse
1027 1800 1206 1862 voluerunt.

141 1908 227 1983 Quae
243 1909 347 1972 omnis
365 1909 501 1991 pecunia
514 1912 644 1990 postero
664 1911 807 1990 tempore
822 1906 967 1970 Athenas
981 1906 1136 1970 translata
1151 1909 1206 1968 est.

106 2032 130 2073 n
228 2013 315 2079 Idem
341 2037 404 2100 qua
431 2015 529 2078 fuerit
557 2014 763 2095 abstinentia,
792 2015 917 2076 nullum
945 2018 993 2076 est
1017 2013 1134 2075 certius
1162 2013 1206 2074 in·
1217 2038 1244 2077 n.
1259 2039 1307 2078 leot
1320 2040 1409 2088 uneiga

141 2123 272 2204 dicium,
305 2143 400 2205 quam
432 2121 530 2204 quod,
561 2142 633 2184 cum
664 2121 786 2183 tantis
816 2121 911 2183 rebus
940 2120 1143 2203 praefuisset,
1174 2101 1409 2181 in¹¹¹³²²i⁸¹¹¹¹d⁵ffl¹

141 2233 248 2292 tanta
277 2232 464 2310 paupertate
489 2228 635 2309 decessit,
666 2231 714 2309 ut,
743 2227 826 2290 unde
855 2227 1032 2309 efferretur,
1060 2228 1114 2290 vix
1137 2226 1207 2289 reli·

142 2336 254 2418 querit.
302 2334 372 2410 Quo
400 2335 521 2397 factum
546 2339 605 2416 est,
636 2339 672 2397 ut
695 2334 781 2397 filiae
805 2335 872 2397 eius
895 2334 1023 2417 publice
1047 2334 1209 2397 alerentur

78 2442 173 2505 47311
188 2443 226 2505 de
241 2442 404 2504 communi
418 2442 540 2504 aerario
556 2441 685 2504 dotibus
701 2442 784 2504 datis
799 2441 1039 2504 collocarentur.
1063 2441 1208 2504 Decessit

105 2553 248 2612 arautem
279 2549 346 2611 fere
381 2551 456 2631 post
493 2571 612 2610 annum
645 2552 809 2632 quartum,
847 2571 943 2632 quam
976 2548 1208 2621 Themistocles

141 2654 277 2717 Athenis
296 2658 364 2717 erat
387 2655 545 2736 expulsus.

1266 2167 1382 2206 mittcllos.

532 3062 594 3128 lv.
619 3062 828 3131 Pausanias.

142 3213 178 3268 A.
201 3210 314 3286 Kap.l
343 3211 405 3268 und
434 3214 466 3269 2:
498 3211 663 3270 Pausanias
700 3214 740 3270 ist
777 3212 954 3288 siegreicher
984 3211 1127 3268 Feldherr
1162 3211 1209 3268 bei

200 3299 305 3358 Platea
326 3300 388 3356 und
410 3300 541 3374 Byzanz,
571 3302 646 3358 wird
669 3301 740 3358 aber
762 3321 865 3377 wegen
888 3301 1115 3359 verriiterischer
1137 3300 1208 3358 Um·

107 3399 132 3440 ²⁶
199 3389 292 3447 triebe
317 3389 557 3464 zunickgerufen.

141 3486 175 3546 B.
199 3486 275 3562 Kap.
296 3489 314 3545 3
338 3487 400 3544 und
419 3489 453 3545 4:
478 3485 545 3544 Sein
569 3487 678 3545 Verrat
700 3489 819 3546 kommt
841 3506 880 3545 an
903 3487 960 3544 den
984 3453 1056 3563 Tag.

143 3582 172 3642 O.
202 3584 277 3659 Kap.
298 3587 330 3644 5:
354 3584 386 3643 P.
410 3585 485 3642 wird
508 3586 596 3642 dafiir
618 3585 674 3642 mit
697 3585 765 3642 dem
788 3586 868 3643 Tode
891 3585 1025 3644 bestraFt.

234 3720 266 3785 l'.
291 3719 465 3784 Pausanias
505 3721 775 3785 Lacedaemonius
811 3744 968 3807 magnus
1005 3723 1115 3805 homo,
1153 3723 1208 3786 sed
1218 3750 1241 3788 r.
1256 3749 1287 3788 aa
1301 3749 1342 3788 uer
1352 3747 1409 3797 sag«

141 3828 272 3906 varius
302 3828 336 3890 in
366 3829 454 3890 omni
478 3850 593 3913 genere
616 3829 701 3892 vitae
724 3829 800 3914 fuit,
830 3852 905 3892 nam
928 3834 964 3892 ut
994 3830 1207 3894 virtutibus
1250 3812 1397 3851 ΝΜ·

78 3935 132 3990 419
142 3934 257 4016 eluxit,
285 3935 331 3997 sic
354 3935 465 3998 vitiis
494 3940 542 3998 est
566 3936 708 3999 obrutus.
756 3935 855 3999 Cuius
878 3936 1132 4000 illustrissimum
1161 3941 1209 4000 est

105 4059 129 4098 ³1
140 4042 299 4124 proelium
327 4042 412 4124 apud
434 4041 580 4105 Plataeas
609 4043 823 4106 commissum.
869 4043 1017 4127 Namque
1045 4044 1101 4107 illo
1131 4044 1209 4107 duce

103 4184 105 4199 ι
142 4146 376 4230 Mardonius,
405 4152 546 4232 satrapes
570 4150 690 4234 regius,
714 4150 843 4213 natione
866 4149 976 4232 Persa,
1004 4146 1101 4212 Darei
1124 4151 1209 4235 regis
