2940 4710
251 361 291 424 18
672 354 888 410 Pausanias.

248 518 351 581 Erant
379 519 413 581 in
440 519 550 581 eadem
574 518 725 602 epistula,
754 542 835 602 quae
858 520 898 583 ad
926 542 962 583 ea
988 521 1205 604 pertinebant,
1234 501 1314 604 quae

248 624 333 688 inter
355 647 464 710 regem
482 625 738 708 Pausaniamque
762 631 984 691 convenerant.
1021 626 1089 690 Has
1112 627 1166 690 ille
1189 627 1315 690 litteras

249 731 379 815 ephoris
402 732 544 796 tradidit.
812 811 817 816 -

59 865 82 902 r.
96 864 206 903 entrecii
338 838 410 901 Hoc
446 839 517 902 loco
554 860 619 902 non
652 843 700 902 est
732 841 964 923 praetereunda
996 841 1138 926 gravitas
1160 839 1314 904 Lacedae-

53 925 217 1028 ⁰¹¹2⁸Jssssjf¹⁰n
249 945 440 1008 moniorum.
481 944 567 1010 Nam
591 968 630 1008 ne
654 945 763 1010 illius
783 947 912 1031 quidem
936 947 1054 1011 indicio
1077 947 1208 1030 impulsi
1231 951 1352 1029 sunt,s

248 1055 285 1115 ut
308 1051 501 1115 Pausaniam
526 1051 845 1136 comprehenderent,
873 1040 978 1139 neque
1006 1054 1113 1137 prius
1137 1055 1204 1117 vim
1227 1053 1315 1117 adhi-

248 1159 386 1222 bendam
402 1163 611 1242 putaverunt,
631 1181 740 1243 quam
756 1181 788 1222 se
807 1159 888 1242 ipse
903 1160 1114 1224 indicavisset.
1138 1158 1251 1244 Itaque
1266 1160 1314 1223 illi

248 1266 360 1349 indici,
385 1266 463 1349 quid
485 1267 556 1329 fieri
579 1265 711 1349 vellent,
738 1272 976 1350 praeceperunt.
1023 1266 1146 1330 Fanum
1170 1267 1315 1351 Neptuni

249 1377 297 1436 est
320 1372 469 1456 Taentri,
501 1373 587 1456 quod
614 1372 729 1437 violari
757 1373 846 1436 nefas
873 1377 990 1456 putant
1013 1372 1133 1438 Graeci.
1183 1374 1232 1438 Eo
1260 1374 1315 1437 ille

249 1480 395 1564 confugit
419 1480 452 1542 in
477 1501 595 1562 araque
620 1479 772 1542 consedit.
816 1477 912 1543 quta
934 1481 1018 1544 hanc
1040 1480 1148 1545 locum
1171 1482 1352 1545 fecerunta

249 1587 308 1650 sub
332 1590 430 1669 terra,
458 1609 496 1648 ex
522 1607 585 1669 quo
605 1589 714 1669 posset
737 1587 854 1669 audiri,
882 1587 910 1650 si
934 1587 1006 1670 quis
1031 1588 1108 1672 quid
1130 1588 1315 1671 loqueretur

249 1714 321 1756 cum
358 1691 495 1778 Argilio.
561 1692 610 1756 Eo
653 1715 691 1755 ex
734 1692 863 1776 ephoris
904 1695 1034 1778 quidam
1077 1695 1314 1758 descenderunt.

248 1799 435 1882 Pausanias,
459 1803 495 1862 ut
520 1799 643 1863 audivit
671 1797 834 1892 Argilium
858 1801 1040 1886 confugisse
1068 1802 1102 1864 in
1121 1824 1224 1884 aram,
1246 1823 1315 1885 per-

248 1907 398 1969 turbatus
422 1928 459 1969 eo
484 1905 580 1968 venit.
628 1904 730 1981 Quem
759 1928 831 1970 cum
862 1908 1039 1991 supplicem
1063 1909 1113 1971 dei
1137 1909 1259 1972 videret
1282 1909 1316 1970 in

250 2035 304 2075 ara
324 2013 501 2095 sedentem,
525 2013 664 2096 quaerit,
689 2035 801 2078 causae
826 2015 901 2098 quid
920 2015 963 2078 sit
981 2000 1047 2078 tam
1066 2016 1225 2099 repentini
1244 2037 1315 2079 con·
1327 2037 1352 2077 15

250 2119 322 2182 silii.
357 2119 442 2183 Huic
462 2119 529 2201 ille,
554 2119 632 2204 quid
650 2142 689 2182 ex
707 2120 826 2184 litteris
846 2121 1066 2205 comperisset,
1090 2123 1200 2206 aperit.
1233 2122 1315 2185 Tum

162 2306 164 2311 Ι
249 2248 286 2289 eo
307 2226 411 2311 magis
426 2225 602 2289 Pausanias
620 2228 828 2310 perturbatus
844 2250 934 2292 orare
956 2229 1074 2313 coepit,
1093 2251 1131 2294 ne
1143 2232 1317 2295 enuntiaret

249 2354 320 2397 neve
344 2354 376 2397 se
405 2335 549 2398 meritum
580 2336 617 2397 de
646 2335 700 2398 illo
728 2337 840 2418 optime
856 2338 1014 2418 proderet:
1044 2339 1073 2400 si
1101 2357 1169 2400 eam
1194 2339 1317 2400 veniam

253 2441 313 2505 sibi
326 2442 455 2505 dedisset
463 2441 615 2521 tantisque
628 2441 820 2524 implicatum
834 2443 922 2506 rebus
931 2442 1149 2526 submovisset,
1164 2444 1197 2506 id
1205 2463 1316 2523 magno

254 2549 283 2611 et
301 2548 442 2628 praemio
459 2546 611 2626 faturum.
1280 2587 1295 2607 υ
1327 2571 1354 2609 aa

34 2676 236 2716 cannanei
344 2652 376 2718 5.
404 2653 465 2716 His
493 2654 590 2717 rebus
618 2652 731 2735 ephori
760 2656 898 2740 cognitis
926 2655 1040 2719 melius
1068 2677 1135 2718 esse
1162 2658 1318 2738 putarunt

27 2738 292 2850 {ssmssfflfflin
316 2761 407 2824 urbe
431 2781 504 2822 eum
528 2759 763 2842 comprehendi.
801 2759 870 2837 Quo
895 2783 975 2825 cum
1000 2767 1105 2826 essent
1127 2761 1263 2845 profecti
1286 2765 1319 2824 et

252 2867 427 2932 Pausanias
458 2866 585 2950 placato
618 2865 759 2953 Argilio,
796 2872 833 2931 ut
863 2871 1012 2952 putabat,
1048 2869 1317 2932 Lacedaemonem

252 2978 527 3056 reverteretur,
551 2974 584 3036 in
608 2974 735 3057 itinere,
759 2996 831 3037 cum
855 2977 919 3038 iam
943 2977 976 3038 in
1000 2997 1037 3038 eo
1061 2979 1156 3058 esset,
1179 2978 1216 3036 ut
1235 2995 1318 3036 com-

251 3081 509 3164 prehenderetur,
525 3101 563 3142 ex
574 3079 665 3142 vultu
681 3080 844 3143 cuiusdam
861 3081 982 3165 ephori,
997 3082 1052 3166 qui
1067 3103 1140 3146 eum
1155 3079 1319 3143 admoneri
1329 3104 1354 3143 aa

252 3187 414 3270 cupiebat,
445 3186 577 3249 insidias
608 3186 671 3249 sibi
704 3187 773 3249 fieri
806 3187 1015 3252 intellexit.
1066 3187 1179 3271 Itaque
1208 3187 1319 3270 paucis

252 3299 325 3358 ante
358 3293 525 3379 gradibus,
559 3315 655 3376 quam
690 3294 743 3376 qui
776 3315 849 3357 eum
882 3295 1110 3378 sequebantur,
1142 3295 1176 3358 in
1208 3295 1318 3383 aedem

252 3400 427 3484 Minervae,
452 3421 532 3482 quae
557 3398 765 3464 Chalcioecus
788 3406 933 3485 vocatur,
959 3403 1112 3487 confugit.

55 3533 78 3572 r.
93 3533 162 3573 stant
176 3527 221 3572 aaa
341 3505 419 3570 Inde
438 3529 478 3570 ne
501 3508 587 3572 exire
610 3512 731 3592 posset,
755 3509 865 3571 statim
886 3509 998 3592 ephori
1017 3509 1125 3573 valvas
1146 3509 1214 3572 eius
1233 3508 1319 3570 aedis

63 3596 208 3645 ΗΜΘΝ·
254 3616 483 3678 obstruxerunt
510 3619 696 3698 tectumque
724 3620 799 3678 sunt
823 3615 982 3698 demoliti,
1011 3637 1074 3699 quo
1103 3615 1236 3678 celerius
1259 3615 1318 3677 sub
1329 3637 1356 3676 eo

253 3721 327 3784 divo
353 3721 508 3785 interiret.
561 3721 719 3785 Dicitur
751 3744 788 3786 eo
819 3727 964 3806 tempore
994 3725 1114 3784 mater
1143 3721 1319 3785 Pausaniae

252 3828 369 3892 vixisse
399 3850 533 3912 eamque
563 3829 628 3891 iam
659 3850 777 3914 magno
811 3833 902 3912 natu,
932 3833 1105 3913 postquam
1135 3829 1173 3892 de
1203 3829 1320 3891 scelere

251 3935 311 3998 filii
335 3936 504 4019 comperit,
533 3937 567 3999 in
590 3936 703 4019 primis
727 3936 767 3998 ad
790 3935 894 3999 filium
920 3935 1127 3999 claudendum
1152 3934 1320 4018 lapidem

251 4042 291 4104 ad
324 4042 493 4106 introitum
526 4043 613 4107 aedis
647 4043 837 4106 attulisse.
884 4040 916 4106 Is
949 4064 1021 4106 cum
1053 4042 1249 4106 semianimis
1283 4042 1320 4104 de

251 4149 372 4232 templo
410 4148 513 4214 elatus
551 4154 648 4233 esset,
692 4150 860 4214 confestim
903 4150 1042 4213 animam
1079 4149 1208 4212 efflavit.
1269 4148 1357 4213 Sicca
