2940 4710
568 350 789 406 suniericus.
1164 359 1205 422 31

141 517 227 600 quod
257 517 291 580 in
320 517 501 599 praesentia
530 516 794 579 vestimentorum
817 516 892 598 fuit,
923 519 1044 601 arripit.
1090 517 1151 581 His
1174 518 1208 581 in

141 625 249 710 ignem
283 623 435 686 coniectis
466 622 614 685 flammae
646 622 712 685 vim
744 623 880 686 transiit.
934 623 1035 700 Quem
1068 629 1104 687 ut
1138 624 1208 687 bar-

140 729 212 794 bari
244 729 426 793 incendium
459 729 608 813 effugisse
640 729 801 812 viderunt,
837 730 910 793 telis
942 736 1066 795 eminus
1101 731 1208 795 missis

141 837 371 901 interfecerunt
400 840 558 919 caputque
587 837 655 899 eius
679 837 719 899 ad
740 835 982 901 Pharnabazum
1006 839 1207 902 rettulerunt.

65 955 70 962 '
119 942 187 1007 sAt
214 943 343 1025 mulier,
374 965 455 1026 quae
479 964 551 1005 cum
575 965 612 1006 eo
636 944 741 1006 vivere
766 948 946 1027 consuerat,
973 945 1123 1009 muliebri
1151 968 1208 1009 sua

125 1047 230 1114 'veste
260 1053 442 1113 contectum
472 1050 608 1113 aedificii
643 1050 789 1113 incendio
824 1055 1016 1114 mortuum
1047 1053 1208 1136 cremavit,

143 1158 230 1242 quod
262 1157 302 1220 ad
333 1156 460 1219 vivum
493 1157 740 1220 interimendum
774 1161 855 1220 erat
873 1161 1101 1240 comparatum.
1155 1156 1208 1221 Sic

123 1263 326 1328 ‘Alcibiades
345 1284 444 1326 annos
468 1263 824 1348 circiterquadraginta
843 1265 983 1347 quinque
1006 1269 1100 1328 natus
1124 1265 1207 1328 diem

78 1372 226 1436 solobiis
248 1392 441 1454 supremum.

102 1499 134 1538 ἰο
232 1473 288 1544 11.
310 1475 511 1541 Alcibiadem
535 1477 732 1561 aplerisque
750 1479 969 1561 vituperatum
993 1482 1071 1542 tres
1090 1479 1417 1563 gravis-swerman

143 1585 217 1649 simi
236 1590 381 1649 auctores
405 1584 538 1648 summis
561 1584 710 1648 laudibus
733 1585 930 1648 extulerunt:
954 1568 1417 1680 Thucydides,b⁸⁰0⁸i‡}'3l}{ffl¹

143 1693 199 1776 qui
222 1693 364 1756 eiusdem
394 1693 508 1755 aetatis
536 1693 612 1774 fuit,
635 1691 915 1776 Theopompus,
943 1692 1107 1775 aliquanto
1135 1696 1209 1775 post

143 1804 250 1882 natus
274 1800 462 1883 Timaeus3
487 1799 541 1882 qui
561 1799 690 1882 quidem
709 1799 772 1862 duo
791 1799 1084 1863 maledicentissimi
1102 1800 1209 1862 nescio

144 1926 208 1990 quo
238 1907 334 1970 modo
365 1907 400 1969 in
430 1906 487 1970 illo
517 1928 581 1969 uno
610 1905 769 1969 laudando
800 1907 1011 1969 consentiunt.
1061 1905 1209 1989 Namque

110 2033 194 2096 nea,
218 2035 299 2096 quae
319 2035 416 2096 supra
438 2013 637 2096 scripsimus,
661 2013 699 2076 de
718 2034 755 2075 eo
778 2013 1002 2095 praedicarunt
1021 2017 1116 2096 atque
1138 2012 1210 2075 hoc

146 2120 297 2202 amplius:
320 2141 389 2185 curn
409 2121 577 2205 Athenis,
591 2122 840 2201 splendidissima
862 2123 990 2204 ciuitate,
1008 2127 1087 2202 esset,
1107 2140 1210 2184 ornnes

145 2248 214 2290 euru
236 2228 394 2310 splendore
420 2247 457 2291 oc
483 2229 630 2310 dipriitute
651 2248 808 2310 superasse
829 2229 925 2303 vitum
947 2232 1113 2309 postquam
1140 2229 1212 2290 inde
1245 2276 1248 2281 .

145 2334 291 2416 expulsus
322 2333 459 2398 Thebas
493 2335 633 2418 uenisset,
666 2336 754 2399 adeo
790 2335 901 2399 studiis
937 2355 1041 2398 eorum
1077 2344 1212 2417 seruisse,

97 2497 99 2501 .
145 2445 185 2504 ut
210 2461 297 2504 ricino
326 2461 396 2504 euru
424 2441 525 2506 tutore
554 2443 745 2524 corporisque
770 2442 887 2506 uiribrrs
908 2446 1011 2524 posset
1040 2443 1212 2524 adaequare

110 2544 271 2632 so(omnes
311 2548 396 2610 enim
428 2547 542 2611 Boeoti
582 2548 684 2633 magis
724 2548 871 2612 firmitati
911 2549 1083 2631 corporis
1115 2571 1211 2632 quam

147 2652 296 2737 ingenii
312 2655 451 2716 acumini
466 2652 637 2740 serviunt);
652 2659 778 2719 eundern
793 2655 1213 2740 upudLuccduernoni08‚

148 2781 285 2842 quorum
318 2759 462 2822 moribus
495 2781 619 2822 summa
647 2761 749 2823 virtus
782 2761 815 2823 in
842 2762 998 2843 patientia
1024 2762 1213 2846 ponebatur,

146 2869 199 2931 sic
228 2869 362 2931 diuitiae
390 2887 422 2931 se
442 2869 569 2949 dedisse,
594 2872 635 2931 ut
652 2870 851 2949 parsimonia
877 2870 974 2933 uictus
1002 2874 1092 2950 utque
1114 2870 1213 2934 cultus

147 2994 250 3039 omnes
272 2974 530 3039 Lacedaemonios
552 2975 697 3052 uinceret·
718 2973 816 3055 fuisse
838 2994 906 3038 euru
931 2976 1017 3056 opud
1039 2974 1212 3060 Thraces,

111 3081 282 3146 ciromines
304 3082 471 3146 vinolentos
494 3081 728 3164 libidinibusque
745 3082 875 3146 deditos:
898 3081 952 3147 bos
974 3103 1089 3164 quoque
1111 3085 1147 3146 in
1164 3083 1213 3149 bis

56 3185 63 3197 ’
147 3187 235 3252 rebus
252 3208 321 3252 euru
339 3189 548 3266 aunensissu
570 3190 685 3253 uenisse
702 3209 771 3253 eum
794 3190 842 3253 ud
863 3188 1010 3272 Persas,
1033 3191 1119 3272 opud
1139 3211 1213 3272 quos

146 3314 269 3359 surumu
292 3295 361 3360 iaus
383 3300 458 3359 esset
482 3296 605 3376 sortiter
631 3297 751 3378 venari,
783 3296 938 3360 iuuruiose
963 3296 1076 3360 uivere:
1102 3295 1213 3361 borum

147 3403 190 3466 sic
212 3402 369 3467 imitatura
398 3422 467 3465 urm
496 3422 557 3466 esse
583 3403 841 3486 consuetudinarii,
870 3407 910 3466 ut
937 3402 987 3466 iili
1004 3402 1066 3484 ipsi
1087 3424 1156 3466 eum
1178 3405 1212 3466 iu

147 3508 196 3572 iiis
218 3509 355 3572 maxime
377 3509 615 3574 admirarentur.
663 3509 779 3588 Quibus
800 3509 888 3573 rebus
910 3529 979 3574 euru
1001 3510 1145 3594 effecisse,
1171 3515 1213 3595 ut,

100 3602 233 3696 *scapua
260 3636 500 3698 quoscumque
529 3620 613 3699 esset,
638 3616 782 3698 princeps
805 3622 971 3699 poneretur
999 3617 1214 3699 bubneiurque

147 3742 334 3787 cur-issimus
