2940 4710
524 364 805 419 rnnnrsrocuus.
1157 370 1197 431 13

131 552 192 598 esse
214 531 316 612 coepit.
354 530 441 594 Nam
463 551 533 595 cam
553 531 586 594 iro
605 530 719 594 Asiam
740 530 851 594 reuerti
872 529 958 593 oellct
972 528 1092 612 proelio
1114 530 1200 610 apud

54 684 57 689 -
132 639 325 704 Salaminem
345 637 440 721 facta,
469 636 578 736 litteris
601 657 677 701 eam
700 637 890 702 certiorem
916 635 990 718 feci
1019 637 1052 701 id
1072 637 1137 720 api,
1165 641 1200 699 at

125 766 219 831 pom,
237 765 326 827 qmm
344 745 380 807 ia
393 743 590 827 Hellesponto
605 743 731 827 fecerat,
749 743 961 808 dissolveretur
975 748 1065 831 atque
1081 743 1147 824 ipse
1160 743 1198 806 ab

132 852 267 919 bostibas
288 851 507 916 circamiretar.
546 849 612 930 Quo
635 851 745 914 nantia
762 850 814 914 ille
825 850 964 932 periculo
982 855 1026 914 est
1044 849 1198 915 liberatas.

110 960 228 1024 sNarrc
254 963 357 1024 ortem
383 956 509 1040 confrrpi
537 959 580 1022 ad
606 962 645 1041 te,
673 957 845 1039 mopitatas
874 978 895 1022 a
924 961 1033 1022 macta
1057 955 1199 1040 Graecia,

134 1072 221 1131 taam
238 1070 344 1148 petens
370 1064 558 1139 amicitiam;
585 1084 679 1146 quam
706 1065 735 1128 si
761 1083 812 1128 cro
838 1065 979 1147 adeptas,
1005 1084 1068 1128 noro
1095 1063 1200 1127 minas

133 1194 181 1238 me
203 1173 315 1237 borram
337 1171 494 1236 amicam
520 1169 654 1255 babebis,
682 1191 776 1252 qaam
796 1171 906 1251 fortem
928 1171 1122 1235 inimicam
1148 1169 1201 1234 illc

134 1271 273 1361 eaperias
295 1282 345 1345 est.
393 1277 435 1342 Te
460 1281 563 1342 aatem
584 1297 672 1362 rapo,
694 1281 730 1341 at
750 1278 787 1341 cle
808 1278 850 1342 iis
871 1278 972 1363 retas,
1000 1296 1077 1359 qaas
1105 1281 1201 1340 tecam
1298 1275 1299 1278 ’

134 1386 263 1468 colldqai
283 1385 363 1469 colo,
385 1405 528 1449 annuam
549 1383 628 1448 milei
655 1389 772 1466 tempas
794 1386 845 1448 cles
867 1405 957 1467 eoque
979 1388 1133 1448 transacta
1160 1383 1203 1447 ad

100 1499 163 1558 1ote
185 1493 287 1557 venire
302 1491 460 1574 potiaris!

225 1595 280 1666 10.
294 1597 401 1660 Huius
420 1619 476 1659 rex
495 1597 594 1660 animi
613 1597 868 1683 magnitudinem
883 1598 1044 1660 admirans
1059 1597 1201 1680 cupiens-

137 1728 197 1789 que
221 1705 320 1768 talem
343 1704 449 1767 virum
473 1704 535 1767 sibi
559 1705 724 1767 conciliari
742 1705 868 1767 versiam
892 1704 987 1767 dedit.
1024 1702 1084 1767 Ille
1108 1725 1201 1767 omne

136 1813 218 1876 illud
240 1815 368 1894 tempus
390 1810 508 1873 litteris
531 1812 733 1894 sermonique
756 1810 926 1874 Persarum
955 1811 1055 1894 dedit,
1086 1810 1202 1893 quibus

137 1920 215 1982 adeo
252 1917 397 1981 eruditus
433 1920 494 1999 est,
526 1920 563 1980 ut
596 1918 699 1980 multo
732 1918 930 1980 commodius
963 1918 1087 1982 dicatur
1118 1917 1204 1999 apud

104 2047 128 2087 15
138 2047 246 2111 regem
278 2025 376 2088 verba
404 2023 531 2106 fecisse,
564 2046 660 2106 quam
691 2023 715 2086 ii
744 2027 906 2106 poterant,
937 2024 993 2107 qui
1016 2024 1050 2086 in
1073 2023 1202 2086 Perside

138 2135 229 2218 erant
251 2131 328 2194 nati.
374 2130 437 2192 Hic
460 2151 532 2192 cum
556 2131 659 2193 multa
681 2130 749 2214 regi
773 2134 855 2192 esset
877 2130 1041 2212 pollicitus
1062 2129 1203 2214 gratissi-

138 2259 290 2320 mumque
314 2237 424 2300 illud:
447 2240 477 2302 si
498 2241 577 2302 sais
595 2240 642 2301 ati
659 2237 796 2302 consiliis
813 2238 910 2321 vellet,
928 2237 1019 2302 illam
1038 2235 1204 2301 Graeciam

138 2347 213 2410 bello
231 2365 454 2429 oppressarum,
473 2343 599 2429 magnis
617 2343 804 2407 muneribus
819 2343 859 2406 ab
874 2342 1052 2406 Artaxerxe
1068 2343 1204 2405 donatus

139 2453 173 2515 in
186 2451 298 2515 Asiam
321 2451 439 2514 rediit
462 2451 724 2534 domiciliumque
743 2449 927 2535 Magnesiae
946 2450 1008 2514 sibi
1028 2451 1203 2513 constituit.

105 2559 287 2641 roNamque
309 2557 392 2623 hanc
414 2559 528 2622 urbem
552 2558 581 2620 ei
604 2580 660 2621 rex
684 2558 870 2640 donaverat,
901 2579 981 2640 quae
1012 2558 1041 2621 ei
1070 2580 1203 2640 panem

42 2692 44 2697 ¹
109 2682 113 2687 ’
139 2665 306 2747 praeberet
330 2661 383 2749 (ex
401 2686 465 2747 qua
488 2665 618 2749 regione
642 2665 867 2750 quinquagena
890 2664 1010 2727 talenta
1034 2664 1205 2748 quotannis

140 2767 316 2855 redibant),
354 2769 566 2853 Lampsacum
602 2776 722 2854 autem,
763 2772 846 2834 unde
886 2772 1013 2834 vinum
1056 2775 1204 2853 sumeret,

140 2877 289 2960 Myunta,
313 2899 352 2939 ex
377 2899 440 2960 qua
463 2878 662 2941 obsonium
690 2877 831 2941 haberet.

77 2991 132 3046 470
230 2983 335 3046 Huius
355 2984 395 3046 ad
417 2988 559 3047 nostram
583 2985 770 3047 memoriam
794 2989 1002 3048 monumenta
1020 2989 1206 3048 manserunt

106 3113 132 3154 rs
143 3092 227 3154 duo:
242 3091 423 3173 sepulcrum
437 3113 537 3174 prope
552 3091 705 3173 oppidum
721 3096 753 3154 et
767 3095 874 3154 statua
887 3091 920 3154 in
935 3092 1006 3154 foro
1014 3090 1205 3177 Magnesiae.

142 3197 190 3260 De
218 3197 308 3260 cuius
336 3201 439 3260 morte
462 3197 548 3260 varie
572 3198 656 3279 apud
680 3197 850 3281 plerosque
878 3199 1032 3281 scripturn
1061 3203 1122 3281 est,
1152 3199 1207 3262 sed

143 3325 200 3367 nos
224 3305 358 3367 eundem
381 3303 585 3385 potissimum
605 3303 824 3386 Thucydidem
844 3309 1006 3368 auctorem
1024 3306 1207 3388 probamuS,

143 3411 199 3494 qui
228 3411 320 3474 illum
351 3411 397 3473 ait
419 3409 601 3494 Magnesiae
631 3410 760 3473 morbo
791 3415 955 3473 mortuum
983 3433 1085 3495 neque
1111 3417 1207 3496 negat

142 3518 241 3581 fuisse
268 3519 387 3580 famam
419 3537 587 3581 venenam
615 3537 683 3581 cam
711 3537 771 3581 saa
797 3523 900 3600 sponte
930 3521 1107 3603 sumpsisse,
1138 3540 1208 3584 cum

107 3645 186 3708 sose,
209 3645 287 3707 qaae
308 3625 374 3706 repi
395 3625 431 3689 cle
454 3622 588 3690 Graecia
610 3624 811 3705 opprimenda
827 3624 986 3706 pollicitos
1007 3635 1093 3709 esset,
1117 3647 1208 3707 prae-

102 3786 103 3790 ,
143 3735 225 3796 stare
241 3749 333 3811 posse
350 3732 525 3813 desperaret.
562 3727 663 3792 Idem
688 3752 759 3793 ossa
777 3731 845 3793 eius
869 3731 963 3794 clam
987 3732 1020 3794 in
1039 3729 1149 3794 Attica
1167 3733 1207 3794 ab

145 3837 255 3899 amicis
279 3837 416 3919 sepulta,
445 3837 597 3921 quoniam
619 3837 746 3922 legibus
769 3860 834 3900 non
857 3838 1094 3922 concederetur,
1122 3839 1208 3922 quod

82 4005 85 4009 .
144 3943 336 4025 proditionis
360 3947 443 4006 esset
467 3943 647 4027 damnatuS,
671 3945 873 4007 memoriae
896 3945 1078 4027 prodidit.

571 4159 782 4166 ————
