2940 4710
284 345 326 407 46
717 336 925 393 AGESILAUS.

286 503 455 584 stitissent,
489 523 543 564 eos
576 502 702 586 magnis
735 502 876 564 afficeret
908 501 1103 564 muneribus,
1159 501 1220 564 His
1252 501 1353 585 igitur

286 609 380 672 rebus
414 608 531 690 effecit,
569 612 605 671 ut
638 613 669 671 et
705 609 944 671 ornatissimum
982 612 1014 670 et
1051 608 1351 671 exercitatissimum

285 716 418 778 haberet
442 716 626 778 exercitum.

64 848 275 887 amanuensem
376 820 457 884 Cum
476 826 603 904 tempus
623 826 706 884 esset
725 823 829 885 visum
850 822 956 904 copias
971 822 1137 884 extrahere
1152 843 1190 884 ex
1206 821 1352 883 hiberna·
1362 828 1417 884 391

90 910 249 950 mmm
286 929 379 1012 culis,
398 929 493 1011 vidit,
511 931 549 1014 si,
567 950 625 1011 quo
644 934 719 995 esset
731 930 789 993 iter
801 929 950 1012 facturus,
961 929 1072 1011 palam
1083 929 1352 1012 prouuutiauisset,
1377 951 1390 991 s

285 1036 382 1100 bostes
394 1056 457 1100 uou
473 1036 643 1101 credituros
659 1035 798 1117 aliasque
815 1037 950 1118 repioues
961 1037 1130 1118 praesidiis
1147 1039 1352 1118 occupaturos.

285 1139 398 1224 ltaque
431 1163 504 1204 cum
539 1139 676 1204 Sardes
713 1141 834 1204 iturum
872 1164 905 1204 se
943 1142 1087 1225 dixisset,
1124 1139 1353 1223 Tissaphernes

286 1249 417 1311 eandem
442 1247 591 1311 Cariam
612 1248 840 1311 defendendam
863 1249 999 1331 putavit.
1041 1247 1080 1311 In
1099 1271 1162 1331 quo
1183 1269 1254 1310 cum
1278 1270 1352 1311 eum

286 1355 394 1437 opinio
418 1355 585 1418 fefellisset
604 1356 789 1439 victumque
813 1377 846 1418 se
865 1355 997 1418 vidisset
1021 1355 1168 1437 consilio,
1192 1376 1262 1418 sero
1286 1355 1353 1417 suis

285 1462 443 1544 praesidio
477 1462 639 1544 profectus
677 1466 733 1525 est.
788 1462 872 1526 Nam
904 1484 975 1524 cum
1010 1462 1065 1525 illo
1099 1463 1250 1545 venisset,
1288 1462 1352 1524 iam
1364 1485 1389 1524 ιο

285 1567 454 1653 Agesilaus
491 1568 602 1631 multis
638 1568 717 1631 locis
754 1569 945 1654 expugnatis
982 1591 1099 1653 magna
1135 1572 1203 1631 erat
1234 1568 1353 1650 praeda

284 1675 415 1756 potitus
445 1713 486 1719 ·-
517 1674 602 1738 Laco
635 1679 742 1738 autem
775 1698 847 1738 curn
880 1676 1001 1739 videret
1033 1674 1142 1738 hostes
1175 1675 1352 1758 equitatu

286 1803 448 1863 superare,
472 1804 647 1865 numquam
670 1783 702 1844 in
723 1803 834 1865 eampo
859 1783 908 1846 sui
932 1783 1008 1845 fecit
1031 1786 1224 1864 potestatem
1248 1785 1281 1844 et
1304 1782 1352 1844 iis

285 1887 364 1950 locis
388 1911 517 1950 manum
542 1889 715 1972 conseruit,
749 1889 888 1971 quibus
918 1889 991 1972 plus
1019 1890 1217 1972 pedestres
1241 1888 1352 1971 copiae

285 1994 435 2057 valerent.
481 1994 611 2078 Pepulit
635 1995 748 2080 igitur,
773 1997 1059 2079 quotienscumque
1084 2017 1272 2080 congressus
1295 1999 1352 2078 est,
1364 2017 1389 2057 rs

286 2101 388 2164 multo
403 2102 540 2165 maiores
555 2102 809 2165 adversariorum
829 2104 936 2185 copias
951 2107 983 2165 et
998 2103 1052 2165 sic
1067 2103 1100 2164 in
1114 2101 1193 2165 Asia
1207 2106 1353 2165 versatus

286 2212 347 2290 est,
371 2212 412 2270 ut
436 2208 580 2271 omnium
605 2209 754 2291 opinione
778 2211 881 2272 victor
905 2210 1079 2272 duceretur.

64 2339 90 2379 s.
105 2340 163 2379 wira
180 2342 276 2379 iuri-101<-
375 2311 407 2380 4.
431 2313 512 2377 Cum
541 2316 604 2378 iarn
634 2315 741 2378 animo
766 2317 975 2379 meditaretur
997 2316 1158 2398 proficisci
1181 2315 1215 2378 in
1237 2313 1352 2378 Persas

121 2403 222 2450 imm·
269 2425 317 2483 ‘et
336 2421 441 2503 ipsum
461 2443 567 2506 regem
588 2421 720 2505 adoriri,
744 2423 901 2486 nuntius
921 2423 1015 2486 domo
1035 2423 1140 2486 venit
1163 2423 1203 2485 ab
1223 2422 1417 2506 ephbrisbbl

286 2528 414 2590 missus:
447 2529 558 2594 bellura
581 2529 780 2594 Atbeuieuses
810 2534 838 2592 et
866 2530 995 2594 Boeotos
1026 2531 1174 2595 indixisse
1202 2529 1389 2595 Lacedae-ro

285 2635 414 2712 ruouiis;
451 2657 546 2718 quare
577 2637 679 2700 uenire
709 2657 748 2700 ue
776 2637 933 2701 dubitaret.
984 2634 1023 2699 ln
1054 2636 1116 2700 hcc
1148 2658 1212 2699 non
1245 2635 1352 2699 minus

285 2741 353 2804 eius
385 2741 510 2825 pietas
542 2741 702 2805 laudanda
731 2748 779 2806 est
809 2766 904 2826 quam
937 2744 1061 2806 virtus
1091 2743 1241 2806 bellica.
1289 2740 1352 2817 Qui

286 2871 357 2912 cum
395 2849 510 2912 victori
547 2854 707 2932 praeesset
749 2851 903 2914 exercitui
940 2851 1177 2933 maximamque
1213 2848 1352 2912 ⁴haberet

285 2957 435 3020 fiduciam
459 2957 550 3041 regni
573 2955 743 3020 Persarum
766 2957 928 3040 potiundi,
952 2960 1041 3018 tanta
1064 2956 1220 3019 modestia
1243 2955 1352 3038 paruit

195 3054 198 3059 ’
286 3063 472 3125 absentibus
496 3063 752 3147 magistratibus,
780 3068 816 3126 ut
839 3064 866 3126 si
889 3063 1033 3146 privatus
1057 3063 1090 3125 in
1114 3063 1244 3126 comitio
1268 3065 1387 3125 essetis

287 3168 428 3252 Spartae.
466 3167 565 3232 Cuius
580 3169 762 3252 exemplum
777 3173 900 3232 utinam
915 3169 1124 3252 imperatores
1143 3169 1245 3232 nostri
1259 3169 1351 3251 sequi

286 3275 474 3338 voluissent!
513 3275 575 3339 Sed
598 3275 676 3339 illuc
698 3276 871 3339 redeamus.

63 3406 168 3447 Akehrt
182 3408 275 3446 marck.
374 3382 543 3468 Agesilaus
585 3383 828 3466 opulentissimo
870 3405 969 3468 regno
1010 3383 1196 3466 praeposuit
1231 3383 1350 3445 bonam

285 3490 555 3553 existimationem
575 3490 741 3573 multoque
760 3490 932 3574 gloriosius
948 3491 1039 3553 duxit
1055 3489 1213 3553 institutis
1227 3487 1350 3571 patriae

285 3607 408 3679 parere,
442 3619 538 3680 quam
571 3596 656 3660 bello
689 3619 838 3680 superare
861 3595 981 3659 Asiam.
1027 3596 1097 3659 Hae
1121 3595 1221 3680 igitur
1243 3598 1351 3657 mente
1360 3616 1387 3656 so

286 3702 532 3786 Hellespontum
557 3704 664 3786 copias
684 3703 810 3793 traiecit
833 3707 985 3786 tantaque
1009 3725 1085 3766 usus
1109 3706 1157 3765 est
1180 3700 1351 3783 celeritate,

285 3815 334 3892 ut,
371 3810 456 3893 quod
489 3811 550 3873 iter
582 3809 703 3873 Xerxes
741 3832 836 3873 anno
870 3810 1061 3892 confecerat,
1099 3810 1166 3892 ipse
1198 3807 1351 3870 transiret

285 3918 446 4002 triginta
470 3917 611 3980 diebus.

94 4049 121 4088 A.
137 4050 195 4099 sagi
211 4050 249 4090 cer
375 4023 456 4087 Cum
489 4023 553 4087 iam
585 4023 671 4087 haud
708 4024 754 4086 ita
785 4023 880 4108 longe
913 4023 1038 4087 abesset
1071 4046 1089 4085 a
1121 4021 1350 4105 Peloponneso,

113 4113 225 4152 mmm·
286 4131 440 4194 obsistere
473 4131 502 4193 ei
535 4131 642 4194 eonati
666 4135 740 4193 sunt
763 4128 975 4193 Athenienses
998 4135 1030 4192 et
1052 4128 1166 4193 Boecti
1190 4128 1351 4211 ceterique
1361 4149 1387 4189 aa
