2940 4710
238 375 280 438 66
571 369 796 422 ALEXANDER
814 367 974 424 MAGNUS.

237 533 415 618 gladiisque
444 555 497 596 eos
525 536 648 616 petunt.
694 532 861 596 Postremo
885 555 941 595 rex
965 532 1106 616 graviter
1128 533 1211 597 ictus
1235 555 1307 597 con·
1359 505 1362 519 ί

238 639 315 703 cidit
337 639 544 723 hostiumque
574 639 731 722 impetum
761 638 882 702 diutius
911 639 1067 702 sustinere
1097 661 1162 703 non
1191 643 1306 723 potest.

237 747 282 810 At
305 748 426 810 interea
444 746 647 828 Macedones,
669 745 814 809 omnium
832 744 1048 829 periculorum
1068 745 1174 829 obliti,
1198 768 1307 810 muros

238 854 444 916 ascenderant
467 873 504 915 ac
526 874 635 937 regem
658 851 882 915 semianimum
905 857 1119 916 servaverunt.

41 987 69 1026 A.
83 987 209 1027 amocean
327 957 382 1026 23.
406 959 601 1042 Alexander,
625 958 681 1022 ubi
705 981 744 1021 ex
767 958 898 1022 vulnere
924 958 1099 1042 convaluit,
1128 960 1168 1022 ad
1190 957 1329 1023 Indums

237 1066 402 1150 pervenire
435 1065 611 1148 contendit,
645 1065 731 1148 quod
761 1065 882 1128 fiumen
914 1065 947 1127 in
980 1063 1142 1128 Oceanum
1174 1066 1307 1130 influere

238 1173 366 1237 sciebat.
421 1172 504 1236 Tum
536 1172 674 1235 secundo
707 1171 839 1234 flumine
871 1175 1039 1256 naviganS,
1073 1194 1145 1235 cum
1177 1173 1307 1235 tandem

238 1285 365 1344 vastum
388 1301 488 1361 marc,
513 1278 687 1362 quodiam
711 1277 765 1342 diu
788 1277 895 1341 videre
920 1277 1081 1361 cupiebat,
1106 1279 1307 1362 conspicatus

239 1391 335 1469 esset,
359 1386 443 1449 laeto
468 1385 575 1449 animo
600 1385 648 1448 dis
672 1384 871 1450 sacrificavit.

33 1519 60 1560 1.
74 1521 216 1560 nonanta
328 1491 398 1568 Quo
432 1493 517 1555 facto
549 1491 737 1574 Nearcho,
769 1491 838 1555 viro
871 1491 918 1554 rei
949 1491 1072 1554 navalis
1102 1491 1307 1575 peritissimo,
1319 1516 1345 1554 ιο

16 1583 121 1634 B⁸bl¹⁰¹¹
136 1585 229 1624 md*
238 1599 412 1683 praecepit,
437 1603 473 1662 ut
497 1599 596 1661 classe
619 1598 794 1661 secundum
818 1619 907 1660 oram
930 1597 1126 1662 maritimam
1150 1599 1183 1662 in
1202 1598 1308 1662 sinum

238 1707 402 1770 Persicum
426 1705 608 1788 veheretur,
641 1704 734 1787 ipse,
758 1709 794 1767 ut
818 1704 912 1767 classi
934 1705 1067 1788 propior
1089 1709 1172 1768 esset
1195 1727 1308 1788 resque

238 1814 279 1876 ad
306 1836 400 1877 nsum
428 1811 621 1875 necessarias
647 1810 866 1894 compluribus
896 1811 975 1874 locis
1007 1816 1135 1895 paratas
1166 1811 1308 1895 haberet,

238 1943 295 2003 per
324 1918 512 1982 Gedrosiam
542 1917 576 1981 in
603 1917 767 1981 Persidem
795 1918 913 1980 reverti
941 1917 1060 1981 constit
1085 1917 1117 1982 ‘t
1163 1916 1308 1982 Itinere

239 2025 465 2090 molestissimo
490 2025 657 2109 sexaginta
681 2024 804 2087 dierum
822 2047 880 2107 per
899 2025 1023 2087 deserta
1040 2024 1098 2088 illa
1116 2025 1186 2088 loca
1204 2026 1307 2089 facto
1320 2050 1346 2088 15

239 2132 448 2216 multisque
471 2131 623 2195 iumentis
645 2131 893 2214 hominibusque
916 2131 1013 2214 fame,
1040 2131 1163 2215 labore,
1186 2131 1308 2195 morbis

240 2240 392 2302 amissis
403 2239 532 2301 tandem
539 2237 740 2320 Babylonem
749 2238 903 2320 pervenit.
922 2235 1001 2301 lnde
1011 2238 1131 2301 milites
1140 2242 1308 2302 veteranos

238 2346 416 2408 honoribus
445 2344 623 2427 amplisque
653 2343 839 2407 muneribus
863 2348 993 2407 ornatos
1018 2343 1149 2408 Cratero
1174 2343 1309 2408 ducein

240 2451 460 2515 Macedoniam
484 2451 614 2514 dimisit.

329 2553 384 2626 24.
413 2558 500 2621 Dum
529 2557 695 2640 Babylone
727 2580 777 2620 res
806 2558 955 2620 immensi
985 2557 1076 2643 regni
1107 2558 1347 2622 administratio
1399 2536 1403 2545 ι

240 2670 272 2738 et
301 2665 403 2728 multa
433 2686 613 2750 magnaque
641 2669 748 2728 mente
776 2663 891 2749 agitat,
922 2665 1030 2728 subito
1053 2665 1137 2728 febri
1160 2664 1309 2748 afficitur,

240 2773 329 2837 ouius
361 2772 409 2836 vis
441 2775 532 2836 tanta
564 2775 645 2853 erat,
678 2775 714 2834 ut
745 2793 855 2834 omnes
883 2771 921 2834 de
949 2771 1052 2834 salute
1075 2771 1143 2834 eius
1167 2771 1310 2855 despera-

239 2884 318 2946 rent.
357 2878 477 2955 Quarto
498 2879 548 2941 die
567 2877 687 2941 milites
706 2876 925 2941 Alexandrum
944 2881 1108 2941 mortuum
1127 2900 1194 2941 esse
1209 2880 1311 2962 suspi-

240 2991 347 3050 cantes
384 3009 448 3048 uno
488 2985 615 3070 agmine
653 2985 693 3047 ad
729 2985 851 3069 regiam
888 3005 994 3047 arcem
1035 3007 1068 3047 se
1105 2985 1310 3049 contulerunt

239 3097 397 3175 petenteS,
429 3096 465 3154 nt
497 3112 606 3175 regem
638 3090 745 3153 videre
778 3090 841 3153 sibi
867 3090 987 3158 liceret.
1037 3089 1076 3154 In
1104 3096 1310 3175 conspectum
1320 3114 1347 3154 11

239 3199 308 3262 cius
340 3197 471 3262 admissi
508 3196 628 3282 singuli
662 3197 806 3259 dextram
835 3197 1002 3261 morientis
1029 3221 1161 3263 manum
1189 3199 1309 3262 oscula-

157 3299 159 3302 *
240 3305 366 3389 bantur.
423 3304 591 3368 Postremo
626 3296 733 3386 amici,
771 3325 843 3367 cum
880 3327 953 3368 eum
989 3304 1073 3368 vires
1108 3305 1203 3388 plane
1236 3306 1311 3369 defi-

241 3434 310 3476 cere
340 3411 643 3493 animadverterent,
675 3433 749 3473 eum
776 3410 1067 3495 interrogaverunt,
1101 3411 1152 3474 cui
1175 3433 1310 3496 regnum

240 3518 442 3602 relinqueret.
494 3513 637 3600 ‘Optimo'
673 3517 846 3600 respondit.
903 3517 995 3593 Quod
1026 3519 1083 3581 ubi
1116 3517 1211 3600 dixit,
1243 3518 1311 3581 vita

242 3625 384 3689 decessit.
580 3692 581 3695 ,
1319 3631 1377 3688 328

38 3762 177 3800 assuerum
191 3758 218 3798 1.
331 3731 515 3795 Alexandro
548 3734 675 3794 mortuo
708 3735 811 3794 totam
841 3730 955 3793 urbem
992 3734 1024 3794 et
1056 3731 1245 3796 Macedones
1277 3735 1310 3795 et
1320 3755 1346 3795 11

17 3821 233 3934 ¹¹³⁶¹„⁸,⁰i„¹‡,⁰,„B⁰i'
242 3840 357 3903 Persae
398 3837 683 3902 lamentationibus
724 3838 940 3921 complebant,
984 3860 1086 3922 neque
1130 3839 1163 3901 in
1200 3838 1310 3902 dolore
1366 3876 1369 3883 ·

243 3945 403 4010 communi
436 3944 513 4008 victi
546 3967 564 4008 a
595 3944 772 4008 victoribus
801 3944 936 4008 discerni
966 3948 1123 4027 poterant.
1173 3943 1310 4008 Persae

241 4053 457 4138 querebantur
498 4051 710 4115 iustissimum
752 4051 1098 4135 clementissimumque
1136 4051 1310 4134 dominum,

241 4160 482 4242 Macedones,
498 4157 655 4242 optimum
670 4158 945 4241 fortissimumque
960 4179 1067 4243 regem
1083 4162 1187 4222 aetate
1196 4157 1310 4221 fioren—
1321 4181 1347 4222 ss
