2940 4710
657 367 855 422 ARISTIDES.

617 669 692 737 111.
716 669 943 742 Aristides.

223 804 258 860 A.
282 802 358 877 Kap.
381 806 411 861 1:
441 802 475 860 A.
504 796 579 859 muss
603 821 657 860 ror
680 803 898 861 Themistolrles
928 801 1058 860 weichen
1085 775 1146 860 und
1173 802 1236 860 lebt
1258 803 1289 860 in

281 892 333 949 der
354 891 565 967 Verbannung.

223 981 257 1042 B.
280 980 356 1055 Kap.
378 983 410 1039 2:
444 980 684 1057 Zuriiclrgerufen
718 981 884 1057 begriindet
913 980 948 1038 A.
985 981 1032 1037 dic
1062 980 1290 1039 Vorherrschait

281 1070 334 1127 der
356 1070 490 1127 Athener
512 1076 569 1126 zur‘
587 1068 649 1128 See.
1299 1085 1311 1123 5

224 1157 254 1217 O.
282 1159 358 1234 Kap.
379 1163 412 1218 3:
436 1161 472 1219 A.
496 1158 559 1216 lebt
580 1159 641 1216 und
665 1158 754 1217 stirbt
776 1159 808 1216 in
831 1156 957 1235 grtsster
978 1158 1177 1216 Einfachheit.

13 1301 198 1351 anaaaeslwna
316 1276 348 1343 l.
372 1277 544 1360 Aristides,
571 1277 756 1361 Lysimachi
782 1277 878 1360 filius,
901 1275 1119 1360 Atheniensis
1147 1277 1289 1360 aequalis

48 1365 166 1403 '⁰¹blnnl'
223 1384 289 1447 fere
319 1384 382 1447 fuit
407 1383 618 1448 Themistocli
645 1389 740 1468 atque
771 1406 841 1448 cum
874 1405 911 1447 eo
943 1384 980 1446 de
1007 1383 1189 1467 principatu
1218 1405 1288 1447 con-

223 1491 339 1575 tendit,
376 1513 514 1574 namque
551 1491 771 1554 obtrectarunt
808 1492 892 1554 inter
928 1512 968 1552 se.
1019 1487 1058 1552 ln
1094 1490 1145 1553 his
1183 1496 1289 1554 autem
1358 1540 1360 1543 a

224 1597 389 1682 cognitum
420 1602 481 1681 est,
513 1602 632 1688 quanto
664 1602 838 1660 antestaret
868 1597 1051 1681 eloquentia
1080 1597 1288 1682 innocentiae.
1301 1617 1325 1655 ιο

224 1703 425 1786 Quamquam
456 1705 542 1768 enim
573 1706 663 1768 adeo
697 1704 872 1768 excellebat
900 1703 1059 1767 Aristides
1087 1703 1289 1785 abstinentia,

222 1814 264 1873 ut
294 1832 376 1873 unus
406 1815 480 1894 post
509 1811 678 1874 hominum
708 1811 909 1894 memoriam,
941 1833 1035 1894 quem
1065 1811 1193 1894 quidem
1223 1831 1289 1873 nos

223 1917 431 2000 audierimus,
461 1918 651 2002 cognomine
678 1916 785 1981 Iustus
816 1918 858 1981 sit
892 1917 1084 2001 appellatus,
1114 1921 1239 1980 tamen
1271 1939 1290 1979 a

223 2023 439 2087 Themistocle
471 2023 752 2114 collabefactus
789 2024 907 2088 testula
938 2023 994 2086 illa
1031 2024 1145 2087 exsilio
1182 2024 1289 2087 decem

223 2151 379 2193 annorum
403 2130 589 2194 multatus
618 2136 682 2194 est.
734 2131 796 2207 Qui
823 2131 952 2214 quidem
981 2151 1061 2193 cum
1089 2131 1353 2216 intellegeretlst

223 2238 355 2320 reprimi
385 2238 576 2300 concitatam
606 2238 847 2301 multitudinem
882 2259 947 2301 non
978 2259 1084 2321 posse,
1114 2239 1289 2322 cedensque
1300 2267 1325 2304 m

223 2343 564 2407 animadvertisset
592 2345 751 2427 quendam
779 2343 984 2426 scribentem,
1012 2347 1177 2426 etpumia
1196 2346 1287 2427 pelle·

222 2455 319 2535 reim,
344 2461 504 2534 quaesisse
528 2450 567 2512 ab
592 2473 629 2513 eo
648 2451 810 2533 dicitur,
833 2471 928 2533 quare
949 2452 985 2515 id
1002 2449 1119 2530 faceret
1139 2457 1196 2515 aut
1216 2453 1292 2534 quiet

222 2557 378 2622 Aristides
407 2557 617 2642 commisisset,
651 2568 708 2623 em
741 2561 830 2622 tenta
851 2577 955 2640 poena
983 2557 1096 2641 dipaus
1124 2559 1289 2623 duemetm.

224 2662 285 2726 Cui
314 2664 369 2727 ille
400 2663 566 2746 respondit
603 2685 635 2730 se
666 2666 811 2748 iquorem
843 2665 1026 2750 Aristidem,
1060 2666 1113 2730 sed
1140 2666 1199 2731 sibi
1227 2687 1289 2731 acm
1300 2671 1325 2731 11

221 2771 347 2855 placere,
365 2773 446 2853 quod
463 2776 528 2835 tum
541 2771 648 2854 cupide
662 2771 866 2856 laboravisse,
880 2775 915 2836 et
922 2776 1047 2854 praeter
1059 2777 1169 2838 eeteros
1182 2772 1290 2837 Iustus

13 2898 30 2941 1.
45 2901 103 2941 wira
117 2901 214 2941 111161-
223 2879 437 2962 appellaretur.
449 2914 489 2923 -
507 2874 539 2941 Is
559 2878 666 2942 decem
685 2900 841 2942 annorum
864 2877 1043 2961 legitimam
1065 2899 1202 2960 poenam
1226 2899 1290 2940 non

56 2965 159 3013 ΜΘΗ·
223 2985 365 3067 pertulit.
411 2984 497 3049 Nam
524 2989 696 3067 postquam
719 2983 840 3045 Xerxes
863 2983 898 3044 in
926 2980 1091 3044 Graeciam
1120 2982 1290 3067 descendit,
1298 2993 1352 3049 480

224 3093 313 3152 sexto
337 3090 403 3152 fere
423 3111 506 3153 anno
529 3095 603 3172 post
627 3111 723 3173 quam
742 3092 810 3151 erat
834 3087 998 3171 expulsus,
1020 3089 1133 3172 populi
1152 3091 1232 3153 scito
1256 3091 1289 3154 in

222 3196 361 3278 patriam
384 3197 553 3259 restitutus
576 3200 632 3259 est.
1300 3224 1325 3263 25

15 3326 43 3368 1.
57 3328 148 3376 rampe
162 3329 199 3368 eei
313 3302 347 3367 2.
371 3300 524 3365 interfuit
557 3306 664 3365 autem
691 3323 818 3386 pugnae
842 3301 948 3366 navali
978 3304 1064 3386 apud
1087 3303 1353 3390 Salaminem,480

13 3391 305 3494 ¹⁸¹⁵m¹23¹2f¹⁶pllquae
328 3409 414 3472 facta
436 3413 497 3492 est,
520 3409 707 3492 priusquam
725 3421 829 3493 poena
851 3408 1050 3473 liberaretur.
1091 3408 1179 3474 ldem
1202 3436 1290 3495 prae-

223 3519 276 3579 tor
312 3517 375 3579 fuit
406 3514 653 3579 Atheniensium
690 3517 776 3600 apud
806 3516 953 3580 Plataeas
987 3517 1020 3579 in
1056 3517 1192 3601 proelio,
1226 3526 1352 3602 quodid

223 3622 313 3685 fusus
336 3621 547 3686 barbarorum
570 3623 728 3687 exercitus
750 3623 1000 3706 Mardoniusque
1023 3623 1210 3688 interfectus
1233 3631 1289 3690 est.

13 3755 30 3796 1.
39 3755 168 3805 tegrenses
177 3756 214 3795 aa
312 3728 426 3812 Neque
455 3729 561 3793 aliud
588 3734 636 3794 est
664 3729 767 3793 ullum
795 3730 863 3794 eius
891 3731 925 3793 in
952 3752 986 3794 16
1009 3729 1143 3794 militari
1165 3731 1326 3796 illustrem

13 3817 345 3920 Jss’ffiffifgefactum
376 3858 485 3919 quam
516 3837 584 3900 eius
614 3837 742 3920 imperii
771 3837 942 3921 memoria;
976 3837 1118 3901 iustitiae
1148 3861 1223 3903 vero
1258 3845 1290 3904 61

224 3943 395 4025 aequitatis
428 3947 460 4006 ct
492 3943 692 4007 innocentiae
725 3943 857 4027 multa,
885 3943 920 4006 in
950 3944 1077 4028 primis,
1105 3947 1191 4029 quod
1222 3949 1352 4012 eius477

224 4050 385 4133 aequitate
417 4050 561 4114 factum
593 4055 662 4134 est,
698 4072 770 4114 cum
808 4051 841 4113 in
878 4051 1041 4115 communi
1077 4051 1176 4117 classe
1208 4060 1291 4118 esset

226 4154 376 4220 Graeciae
404 4157 501 4221 simul
529 4179 601 4221 cum
624 4157 795 4240 Pausania,
820 4179 883 4240 quo
908 4158 986 4221 duce
1009 4156 1196 4226 Mardonius
1223 4167 1291 4226 erat
