2940 4710
229 351 271 413 48
627 329 629 333 ‘
659 342 867 397 sensimus.

230 513 430 592 oppugnaret
471 512 615 590 essetque
657 507 725 570 sine
762 507 862 570 muris
900 508 1068 591 oppidum,
1109 508 1225 572 talem
1263 523 1361 577 seam

228 615 454 697 imperatorem
473 615 636 697 praebuit,
656 618 697 677 ut
716 615 865 677 omnibus
884 619 1064 698 appareret,
1087 615 1150 678 nisi
1169 616 1239 679 ille
1258 638 1296 679 eo

229 727 372 804 tempore
399 721 526 804 fuisset,
555 720 730 804 Spartam
757 722 900 784 futuram
929 744 994 785 non
1016 722 1123 785 fuisse.
1169 720 1209 785 In
1232 745 1296 806 quo

229 829 358 913 quidem
401 828 583 891 discrimine
625 828 772 891 celeritas
817 829 885 891 eius
927 829 1054 892 consilii
1095 829 1192 893 saluti
1233 830 1296 894 fuit

229 935 393 998 universis.
439 933 524 999 Nam
553 955 626 997 cum
655 935 785 1018 quidam
814 935 1046 999 adulescentuli
1073 935 1216 1000 hostium
1244 938 1296 1000 ad·
1320 957 1333 997 5

228 1046 326 1105 ventu
367 1041 532 1124 perterriti
574 1041 614 1103 ad
655 1041 825 1104 Thebanos
866 1043 1068 1127 transfugere
1105 1043 1223 1107 vellent
1265 1048 1297 1107 et

227 1149 335 1212 locum
363 1153 454 1211 extra
487 1148 600 1211 urbem
634 1148 755 1211 editum
784 1149 955 1232 cepissent,
989 1149 1208 1234 AgesilauS,
1241 1152 1298 1233 qui

227 1255 536 1338 perniciosissimum
571 1255 640 1317 fore
677 1255 812 1338 videret,
852 1256 879 1318 si
919 1256 1174 1320 animadversum
1215 1262 1298 1321 esset

229 1385 423 1446 quemquam
457 1362 496 1424 ad
528 1361 637 1424 hostes
665 1362 866 1447 transfugere
898 1362 1020 1445 conari,
1053 1383 1126 1425 cum
1159 1364 1225 1427 suis
1256 1386 1297 1427 eo

228 1469 337 1532 venit
356 1472 539 1551 atque,·ut
559 1468 586 1530 si
604 1468 703 1530 bono
723 1469 830 1531 animo
849 1469 1012 1552 fecissent,
1031 1469 1207 1534 laudavit
1226 1490 1335 1534 con-ro

228 1576 339 1639 silium
354 1597 479 1658 eorum,
499 1575 585 1658 quod
599 1597 672 1637 eum
686 1574 793 1637 locum
808 1575 1062 1658 occupavissent:
1081 1578 1116 1640 id
1132 1597 1167 1642 se
1183 1597 1299 1660 qrtoque

228 1684 299 1761 fieri
340 1683 442 1747 debere
482 1683 743 1746 animaduertisse.
795 1681 848 1745 Sic
889 1682 1107 1746 adulescentes
1148 1683 1299 1747 simulata

227 1789 413 1853 laudatione
428 1788 628 1871 recuperavit
647 1792 679 1851 et
698 1789 856 1851 adiunctis
872 1789 909 1852 de
924 1789 990 1852 suis
1006 1789 1178 1853 comitibus
1191 1790 1298 1854 locum

229 1899 336 1959 tutum
360 1895 499 1978 reliquit.
545 1895 694 1978 Namque
718 1895 767 1958 illi
791 1895 913 1958 adiecto
938 1917 1070 1959 numero
1095 1918 1218 1980 eornm,
1242 1897 1299 1980 qui

229 2006 375 2084 expertes
394 2006 484 2065 erant
501 2001 640 2085 consilii,
661 2024 859 2065 commorere
879 2024 912 2064 se
931 2023 996 2065 non
1015 2003 1085 2065 ausi
1108 2006 1183 2066 sunt
1201 2002 1298 2086 idque
1311 2024 1334 2063 15

230 2131 266 2172 eo
285 2109 452 2188 libentius,
472 2110 559 2192 quod
576 2109 675 2172 latere
695 2109 949 2191 arbitrabantur,
969 2131 1050 2192 quae
1070 2109 1298 2194 cogitaverant.

18 2239 113 2279 111111
126 2237 220 2286 spartus
318 2215 351 2281 ’7.
373 2215 447 2279 Sine
468 2215 565 2278 dubio
584 2220 658 2298 post
672 2215 872 2279 Leuctricam
893 2237 1035 2300 pugnam
1053 2215 1298 2279 Lacedaemonii

18 2301 217 2341 ⁵⁸⁰¹²²²¹¹h⁰b⁰²
230 2345 263 2385 se
286 2344 462 2404 numquam
485 2322 665 2384 refecerunt
688 2344 790 2406 neque
814 2323 987 2405 pristinum
1016 2323 1186 2406 imperium
1209 2344 1297 2386 recu-

229 2432 429 2511 peraverunt.
466 2425 600 2491 Interim
619 2428 789 2514 Agesilaus
808 2451 984 2512 numquam
1004 2429 1142 2513 destitit,
1168 2429 1298 2512 quibus-

231 2556 366 2617 cumque
384 2535 480 2598 rebus
498 2538 638 2617 poterat,
661 2536 799 2618 patriam
818 2536 935 2599 iuvare.
983 2535 1068 2600 Nam
1088 2557 1160 2598 cum
1178 2537 1334 2618 praeci-ao

229 2663 292 2723 pue
310 2640 554 2705 Lacedaemonii
573 2643 754 2728 indigerent
771 2643 920 2726 pecunia,
944 2641 999 2705 ille
1018 2642 1181 2725 omnibuS,
1204 2643 1260 2726 qui
1279 2665 1298 2705 a

230 2770 304 2833 rege
328 2748 521 2832 defecerant,
544 2749 705 2832 praesidio
729 2750 806 2834 fuit,
835 2773 854 2812 a
878 2749 996 2832 quibus
1019 2770 1137 2833 magna
1161 2749 1297 2812 donatus

229 2855 365 2938 pecunia
387 2856 526 2938 patriam
550 2856 738 2920 sublevavit.

18 2988 155 3029 1111111111
168 2989 218 3028 nen
318 2961 426 3046 Atque
449 2962 483 3026 in
505 2963 567 3027 hoc
590 2963 689 3026 illud
710 2962 744 3025 in
767 2961 879 3045 primis
907 2961 969 3024 fuit
993 2960 1194 3043 admirabile,
1224 2982 1297 3024 cum

18 3052 82 3092 lurch
92 3051 220 3101 Massigkeit

88 3125 135 3154 aus.

230 3068 370 3132 maxima
393 3091 526 3132 munera
549 3068 578 3131 ei
602 3069 642 3132 ab
666 3069 796 3153 regibus
821 3090 857 3131 ac
880 3068 1025 3151 tyrannis
1049 3067 1297 3149 civitatibusque
1308 3090 1334 3129 25

231 3175 464 3258 conferrentur,
499 3175 600 3258 quod
629 3174 728 3238 nihil
757 3198 910 3259 umquam
941 3175 1071 3238 domum
1102 3197 1192 3238 suam
1224 3194 1297 3237 con·

230 3282 319 3365 tulit,
343 3281 444 3346 nihil
468 3283 506 3345 de
529 3281 630 3366 victu,
654 3281 754 3344 nihil
772 3282 810 3344 de
829 3286 948 3345 vestitu
967 3281 1131 3345 Laeonum
1149 3279 1296 3344 mutavit.

230 3390 336 3454 Domo
360 3390 470 3453 eadem
492 3388 556 3452 fuit
574 3392 756 3472 contentus
781 3411 844 3474 qua
862 3388 1003 3471 ProcleS,
1026 3386 1214 3473 progenitor
1232 3409 1297 3449 ma·

230 3497 335 3561 iorum
351 3519 495 3579 suorum,
513 3497 618 3560 fuerat
632 3517 717 3560 usus
755 3494 858 3570 Quam
873 3495 928 3579 qui
942 3495 1131 3578 intraverat,
1149 3493 1297 3557 nullum

231 3604 359 3689 signum
377 3602 533 3686 libidinis,
557 3603 704 3666 nullum
726 3601 872 3665 luxuriae
891 3601 998 3665 videre
1020 3605 1161 3684 poterat,
1186 3605 1335 3664 contram

231 3734 268 3774 ea
294 3709 433 3794 plurima
454 3709 628 3794 patientiae
651 3714 747 3792 atque
770 3708 990 3772 abstinentiae.
1037 3707 1097 3772 Sic
1121 3706 1205 3771 enim
1229 3711 1298 3770 erat

230 3817 399 3900 instructa,
422 3821 463 3880 ut
486 3816 520 3879 in
542 3816 632 3880 nulla
654 3839 687 3879 re
711 3815 852 3879 differret
875 3839 893 3878 a
917 3816 1011 3879 domo
1031 3814 1169 3878 cuiusvis
1191 3812 1297 3896 inopis

232 3928 327 4008 atque
350 3923 476 4007 privati.

18 4059 160 4107 carpensem
179 4060 221 4097 ne·
319 4028 352 4097 8.
385 4030 493 4114 Atque
525 4030 578 4094 hic
610 4034 720 4094 tantus
752 4029 801 4093 vir
837 4033 878 4092 ut
910 4033 1059 4092 naturam
1091 4029 1297 4090 fautricem

18 4121 220 4233 'ehfflffgfflfflffl
230 4138 345 4203 habuit
368 4138 402 4201 in
424 4137 603 4202 tribuendis
631 4136 746 4201 animi
770 4135 958 4219 virtutibuS,
986 4135 1040 4199 sic
1068 4134 1334 4198 malevolames
