3198 4864
286 436 308 498 4
716 430 921 486 MILTIADES.

64 619 277 659 dienerinnen
376 593 447 657 Hoc
470 595 614 657 tumultu
635 593 891 658 Athenienses
914 599 981 657 tam
1009 596 1191 679 propinquo
1222 600 1354 680 tamque

64 682 115 783 ἓξ,
136 682 276 782 ᾚἪΞ
287 723 405 786 magno
424 700 588 784 permoti
607 701 764 764 auxilium
783 723 941 784 nusquam
965 702 1027 764 nisi
1050 725 1070 766 a
1092 702 1355 766 Lacedaemoniis

287 808 509 892 petiverunt
539 806 799 890 Phidippumque
831 830 993 871 cursorem
1023 809 1091 872 eius
1123 809 1266 893 generis,
1298 809 1354 892 qui

287 914 524 978 hemerddnomi
560 918 728 997 vocantur,
765 914 1036 978 Lacedaembnem
1073 915 1277 998 miserunt,
1318 920 1357 978 ut

88 1045 206 1084 naereses
220 1049 257 1084 ra
288 1021 452 1086 nuntiaret
478 1043 573 1103 qnam
599 1023 755 1086 celerrimo
781 1041 857 1104 opus
879 1041 941 1086 esse
962 1023 1089 1087 ancilia.
1127 1021 1224 1086 Domi
1248 1026 1393 1088 autema

86 1120 138 1146 *⁰¹¹²
151 1108 256 1155 Kampss'
289 1131 398 1191 creant
421 1127 529 1191 decem
552 1131 730 1210 praetores,
759 1128 814 1210 qni
842 1127 997 1192 exercitui
1019 1133 1217 1211 praeessent,
1245 1129 1280 1192 in
1309 1129 1354 1192 eis

288 1233 476 1298 Miltiadem.
536 1232 626 1297 Inter
667 1255 747 1317 quos
783 1255 901 1320 magna
936 1234 1000 1304 fuit
1036 1236 1214 1320 contentio,
1250 1241 1356 1301 ntrnm

288 1342 445 1406 moenibus
466 1361 498 1405 se
520 1341 723 1424 defenderent,
750 1361 794 1405 en
821 1342 942 1406 obviam
968 1343 1049 1406 e'nent
1075 1341 1213 1409 hostibus
1235 1344 1357 1424 ncnqne

289 1449 482 1513 decertarent.
531 1447 624 1512 Unus
647 1447 810 1511 Miltiades
833 1448 972 1510 maxime
996 1448 1173 1532 nitebatur,
1200 1455 1236 1514 nt
1254 1451 1356 1532 primo

289 1575 406 1639 qnoque
423 1559 553 1638 ternpore
570 1559 673 1620 eastra
689 1555 813 1637 near.-
831 1556 868 1620 id
883 1557 912 1620 st
927 1555 1046 1634 factam
1063 1561 1149 1641 esset,
1167 1561 1201 1620 et
1217 1556 1395 1622 eicibnsro

290 1663 433 1727 animum
470 1681 673 1746 mensurant,
708 1681 779 1725 enm
813 1661 949 1727 cidenent
983 1663 1020 1726 de
1054 1683 1113 1728 sna
1148 1663 1259 1728 virtute
1294 1683 1357 1728 non

290 1770 459 1853 (1111111111,
487 1772 519 1834 et
545 1767 665 1832 testes
690 1768 795 1837 eadem
821 1787 856 1831 ne
879 1767 947 1848 fore
975 1770 1137 1850 tardiores,
1163 1770 1358 1836 1111111111αά-

291 1879 448 1959 verterent,
471 1875 581 1940 nudat
602 1879 709 1940 contro
730 1893 761 1938 se
784 1878 848 1938 tam
870 1875 990 1957 enipnrs
1012 1877 1107 1958 copiis
1130 1877 1286 1942 dimicare.

69 1976 299 2050 eunomianorum,
382 1979 416 2047 5.
458 1980 530 2046 Hoc
570 1981 604 2044 in
645 1985 790 2062 tempore
830 1980 920 2044 nulla
956 1967 1069 2045 civitas
1105 1980 1357 2046 Atheniensibus

70 2071 413 2173 ru{31⁰2ss³1⁵1¹1⁵ff³gfflauxilio
436 2088 500 2152 fuit
522 2091 649 2170 praeter
671 2086 882 2152 Plataeenses.
930 2086 978 2150 Ea
1001 2089 1089 2152 mille
1117 2071 1206 2154 misit
1229 2090 1356 2152 milites.
1369 2111 1396 2152 n>

292 2194 405 2278 Itaque
427 2195 544 2258 horum
568 2194 706 2257 adventu
730 2194 838 2257 decem
866 2193 955 2256 milia
979 2199 1175 2258 armatorum
1199 2195 1358 2278 completa

293 2305 381 2385 sunt,
405 2323 486 2384 quae
509 2321 622 2364 manus
645 2300 788 2363 mirabili
810 2300 968 2383 flagrabat
990 2302 1156 2385 pugnandi
1175 2302 1356 2384 cupiditate.

294 2407 364 2484 Quo
387 2408 508 2470 factum
533 2411 594 2490 est,
618 2407 750 2488 utplus
774 2429 869 2489 quam
889 2406 1029 2490 collegae
1047 2406 1209 2469 Miltiades
1228 2407 1356 2470 valeret.

293 2515 373 2578 Eius
411 2515 512 2599 igitur
547 2513 738 2576 auctoritate
775 2512 906 2595 impulsi
933 2510 1146 2575 Athenienses
1179 2513 1286 2594 copias
1318 2533 1356 2574 ex

294 2621 373 2684 urbe
400 2621 579 2685 eduxerunt
605 2619 740 2701 locoque
768 2619 882 2682 idoneo
911 2622 1014 2681 castra
1036 2619 1187 2682 fecerunt.
1234 2619 1357 2682 Deinde
1367 2643 1396 2680 ao

293 2732 423 2811 postero
444 2727 494 2790 die
513 2727 573 2790 sub
592 2726 712 2788 montis
730 2725 892 2788 radicibus
912 2725 979 2788 acie
997 2725 1206 2788 instructam
1228 2727 1358 2811 regione

295 2856 359 2898 uon
390 2833 590 2918 apertissima
620 2869 662 2876 —
693 2853 830 2914 namque
860 2831 990 2896 arbores
1019 2832 1130 2895 multis
1159 2833 1239 2896 locis
1269 2837 1360 2896 erant

295 2964 384 3005 rarae
409 2979 450 2986 -
473 2940 632 3024 proelium
656 2939 886 3003 commiserunt
907 2938 969 3002 hoo
993 2940 1138 3022 consili0,
1162 2943 1199 3001 ut
1221 2943 1253 3001 et
1271 2960 1359 3001 mon-

295 3049 377 3111 tium
397 3047 567 3110 altitudine
585 3049 771 3131 tegerentur
794 3049 826 3107 et
849 3045 1017 3109 arboribus
1036 3045 1198 3128 equitatus
1216 3045 1359 3110 hostium

296 3155 513 3236 impediretur.
1049 3213 1052 3223 ‚
1369 3173 1399 3214 ss

75 3289 117 3328 nse
138 3290 218 3327 persor
231 3298 287 3326 wer·
385 3261 492 3344 Datis,
520 3259 581 3323 etsi
603 3281 669 3322 nou
692 3280 828 3341 aequum
856 3257 962 3320 locum
986 3259 1115 3322 videbat
1143 3259 1222 3341 suis,
1253 3263 1360 3322 tamen

83 3350 279 3460 ffifflsshlhgssf
296 3369 398 3432 fretus
416 3388 548 3432 numero
568 3365 732 3447 copiarum
752 3364 923 3449 confligere
942 3365 1104 3448 cupiebat,
1124 3387 1233 3449 eoque
1247 3367 1360 3451 magis,

136 3475 229 3514 ”tmen-
298 3475 409 3558 quod,
423 3475 611 3557 priusquam
625 3471 868 3535 Lacedaemonii
882 3471 1025 3535 subsidio
1038 3472 1195 3554 venirent,
1210 3472 1360 3534 dimicare

294 3582 377 3645 utile
413 3580 638 3644 arbitrabatur.
688 3577 801 3662 Itaque
838 3579 871 3641 in
908 3578 1007 3641 aciem
1043 3578 1187 3660 peditum
1224 3583 1360 3660 centum,

299 3688 444 3772 equitum
463 3687 571 3750 decem
593 3686 684 3748 milia
701 3685 854 3768 produxit
875 3685 1096 3768 proeliumque
1120 3685 1288 3748 commisit.
1322 3682 1400 3747 Inoo

300 3817 363 3878 quo
387 3797 495 3858 tanto
514 3793 587 3876 plfis
606 3793 726 3856 virtute
745 3793 914 3856 valuerunt
932 3789 1157 3874 Athenienses,
1180 3796 1221 3854 ut
1241 3792 1359 3855 decem-

299 3902 415 3985 plicem
430 3921 598 3963 numerum
612 3898 755 3963 hostium
770 3898 992 3982 profligarent,
1007 3898 1164 3981 adeoque
1179 3920 1233 3962 eos
1242 3902 1360 3982 perter-

300 4010 446 4090 ruerunt,
469 4010 510 4069 ut
531 4005 647 4070 Persae
670 4027 734 4070 non
758 4009 873 4088 castra,
897 4005 952 4068 sed
974 3987 1071 4068 naves
1092 4008 1245 4087 peterent.
1292 4002 1361 4079 Qua

300 4125 408 4199 pugna
431 4113 513 4176 nihil
537 4113 640 4176 adhuc
664 4113 788 4176 exstitit
811 4111 964 4175 nobilius:
987 4111 1076 4174 nulla
1099 4111 1184 4176 enim
1208 4133 1360 4193 umquam

177 4262 213 4308 b
300 4224 367 4284 tam
391 4220 506 4304 exigua
529 4242 642 4282 manus
665 4224 771 4283 tantas
795 4240 870 4300 opes
893 4218 1075 4300 prostravit.
1370 4238 1403 4280 n>
