2940 4710
217 337 259 398 74
651 328 848 383 HANNIBAL.

216 499 344 560 oetatem
367 495 414 559 tta
436 493 623 577 conservavi,
645 497 681 556 ot
702 493 820 558 ueratri
842 493 969 558 dubiam
991 514 1053 559 esse
1071 495 1186 580 detra,
1209 497 1285 577 oreta

215 603 331 684 reliquo
358 605 489 684 tempore
515 601 619 665 eadem
645 604 742 664 ruente
771 600 831 664 sira
851 599 988 680 futuras.
1035 599 1137 680 Quare
1159 603 1188 667 st
1210 603 1286 684 quiet

216 709 312 774 omae
334 709 370 772 de
387 707 540 772 Romanis
562 707 719 790 coartante,
742 726 805 770 coa
823 707 1032 790 imprudenter
1048 707 1169 793 feceris,
1191 709 1286 773 strae

216 815 374 892 cetooerts;
398 835 468 879 cunr
485 834 553 878 oero
572 813 683 878 bettore
699 813 845 897 parabis,
864 818 891 878 te
908 815 1009 897 apsaro
1026 814 1239 900 frustrabere,
1257 817 1287 880 st

215 943 279 987 ooo
300 943 353 986 me
375 922 410 985 irc
433 943 465 986 eo
482 922 657 1004 principem
674 918 830 1004 posueris.⁷
1295 943 1308 984 a

20 1056 46 1094 a.
60 1055 86 1094 a
100 1054 205 1103 sanan.
305 1025 338 1095 3.
371 1027 420 1090 Ea
452 1027 564 1112 igitur,
602 1050 664 1110 qua
697 1025 851 1110 diximus,
888 1031 991 1090 aetate
1024 1050 1096 1090 cum
1127 1031 1220 1110 patre
1252 1027 1349 1090 incar

217 1133 407 1218 Hispaniam
429 1135 592 1216 profectus
616 1138 677 1217 est,
709 1133 797 1196 cuius
825 1128 899 1216 post
927 1132 1052 1196 obitum
1084 1132 1351 1197 Hasdrubalem

216 1241 409 1324 imperatore
428 1241 561 1304 suffecto
590 1240 748 1324 equitatui
768 1239 856 1303 omni
878 1239 1026 1323 praefuit.
1063 1239 1135 1303 Hoc
1159 1243 1350 1324 qudquettl

216 1348 385 1411 interfecto
410 1347 567 1411 exercitus
590 1370 747 1411 summam
771 1347 897 1429 imperii
922 1347 962 1410 ad
984 1369 1057 1410 eum
1081 1346 1204 1410 detulit.
1248 1345 1287 1410 Id

218 1454 446 1540 Carthaginem
477 1454 617 1518 delatum
646 1453 774 1537 publice
804 1454 1049 1536 comprobatum
1079 1458 1135 1517 est.
1159 1493 1201 1499 —
1233 1454 1324 1518 Siem

217 1561 381 1625 Hannibal
418 1583 472 1624 sex
505 1566 537 1624 et
570 1561 686 1646 viginti
718 1583 817 1624 annos
849 1564 944 1623 natus
976 1559 1151 1644 imperator
1181 1561 1286 1624 factus

216 1668 364 1752 proximo
400 1667 539 1731 triennio
577 1689 686 1731 omnes
727 1668 793 1730 fere
836 1671 946 1752 gentes
983 1666 1158 1750 Hispaniae
1200 1667 1285 1730 bello

218 1773 358 1859 subegit,
396 1773 588 1858 Saguntum,
625 1775 821 1838 foederatam
853 1773 1008 1837 Romanis
1045 1773 1236 1857 civitatem,
1252 1774 1285 1837 vi

218 1881 426 1966 expugnavit,
457 1885 522 1944 tres
546 1881 703 1945 exercitus
727 1880 884 1945 maximos
908 1881 1114 1963 comparavit.
1160 1880 1211 1944 Ex
1234 1880 1285 1944 his
1295 1887 1351 1943 ala

218 2011 318 2051 unum
340 1987 541 2051 in'Africam
569 1987 670 2070 misit,
701 1987 837 2050 alterum
865 2009 937 2050 cum
962 1985 1163 2051 Hasdrubale
1186 1988 1285 2050 fratre
1298 2011 1323 2050 15

218 2095 252 2158 in
276 2095 432 2178 Hispania
454 2095 597 2179 reliquit,
621 2094 753 2158 tertium
776 2094 810 2156 in
833 2091 961 2156 Italiam
985 2115 1091 2157 secum
1115 2093 1214 2158 duxit.

20 2229 42 2268 a„
56 2229 192 2269 ziehtnaoh
310 2201 435 2266 Saltum
466 2202 666 2285 Pyrenaeum
698 2201 839 2285 transiit,
878 2221 1076 2284 quacumque
1108 2200 1170 2264 iter
1201 2201 1287 2284 fecit,
1296 2208 1351 2264 218

57 2291 148 2331 mm·
219 2330 291 2371 cum
314 2309 428 2372 incolis
452 2309 609 2392 conflixit,
640 2309 800 2372 neminem
828 2307 890 2370 nisi
914 2308 1035 2370 victum
1059 2307 1189 2372 dimisit.
1235 2306 1288 2371 Ad

218 2415 317 2498 Alpes
335 2420 544 2500 posteaquam
564 2417 667 2499 venit,
687 2438 768 2499 quae
782 2413 910 2477 Italiam
926 2415 965 2477 ab
982 2413 1087 2477 Gallia
1105 2414 1287 2499 seiungunt,

218 2521 351 2605 Alpium
383 2527 495 2608 gentes
527 2509 678 2586 conantes
708 2545 741 2585 se
771 2521 909 2585 transitu
938 2520 1109 2603 prohibere
1140 2521 1287 2604 concidit,
1297 2545 1325 2586 eo

217 2629 288 2692 loca
311 2630 475 2712 patefecit,
500 2630 616 2693 itinera
639 2629 757 2692 muniit
776 2628 957 2711 effecitque,
981 2632 1017 2691 ut
1036 2640 1078 2691 ea
1098 2628 1287 2711 elephantus

219 2741 350 2800 ornatus
377 2737 423 2800 ire
450 2741 571 2820 posset,
602 2748 673 2820 qua
702 2740 795 2799 antea
827 2758 910 2798 unus
939 2735 1036 2798 homo
1069 2736 1201 2798 inermis
1232 2735 1287 2798 vix

218 2847 345 2926 poterat
363 2855 481 2927 repere.
517 2842 588 2906 Hac
608 2845 715 2927 copias
734 2844 873 2907 traducit
892 2846 924 2905 et
943 2843 976 2906 in
990 2841 1118 2906 Italiam
1132 2842 1286 2926 pervenit.

20 2976 52 3018 as
65 2980 125 3017 ersa
137 2976 208 3026 siege.
307 2945 339 3016 4.
365 2948 560 3014 Conflixerat
592 2952 657 3014 iam
688 2952 728 3014 ad
755 2951 948 3014 Rhodtnum
979 2971 1051 3013 cum
1080 2954 1172 3034 parte
1200 2949 1286 3032 equi-

218 3060 305 3120 tatus
336 3056 370 3119 P.
396 3056 537 3120 Cornelii
570 3057 729 3141 Scipionis
761 3057 901 3120 consulis
932 3057 995 3120 levi
1026 3057 1158 3140 proelio.
1205 3054 1323 3119 Cumas

219 3164 330 3227 eodem
356 3163 396 3226 ad
419 3163 566 3226 Ticinum
596 3164 731 3228 fluvium
762 3185 951 3249 congressus
978 3164 1122 3227 saucium
1149 3184 1222 3226 eum
1251 3183 1287 3225 ac

219 3271 366 3355 fugatum
400 3270 530 3334 dimisit.
581 3270 690 3334 Tertio
722 3271 807 3334 idem
841 3269 948 3354 Scipio
981 3293 1053 3335 cum
1087 3269 1210 3354 collega
1239 3268 1286 3331 Ti.

220 3376 409 3461 Sempronio
440 3377 552 3464 Longo
582 3379 622 3442 ad
649 3378 798 3442 Trebtam
829 3379 859 3441 ei
889 3378 1040 3461 occurrit,
1073 3399 1145 3440 cum
1169 3377 1209 3440 iis
1232 3375 1287 3439 ille

220 3507 350 3548 manum
375 3485 535 3549 conseruit
558 3489 590 3548 et
613 3489 785 3569 utrumque
808 3484 1001 3570 profligavit.

24 3618 134 3658 soniam
148 3630 184 3657 am
309 3590 387 3655 Inde
436 3615 494 3676 per
544 3591 679 3677 Ligirres
722 3591 951 3675 Appenninum
997 3591 1126 3655 transiit
1175 3594 1287 3673 petens
1297 3595 1350 3651 alr

20 3682 193 3722 T‘⁸⁸¹¹¹¹¹⁰¹¹¹¹¹¹⁸'
220 3698 393 3763 Etruriam.
447 3698 519 3762 Hoc
549 3699 583 3762 in
615 3699 729 3762 itinere
758 3698 850 3762 adeo
883 3698 973 3784 gravi
1003 3698 1117 3761 morbo
1147 3696 1321 3760 afficitura

220 3806 400 3888 oculorum,
430 3810 471 3869 ut
500 3810 612 3888 postea
642 3828 817 3890 numquam
846 3806 958 3869 dextro
984 3826 1083 3888 aeque
1107 3805 1188 3868 bene
1211 3826 1288 3867 usus

220 3913 270 3976 sit.
295 3912 365 3988 Qua
374 3912 556 3976 valetudine
567 3934 638 3976 cum
649 3913 747 3977 etiam
756 3917 826 3976 tum
835 3916 1042 3997 premeretur,
1053 3909 1287 3974 C.Flaminiun1

220 4020 383 4084 consulem
406 4021 446 4083 ad
469 4019 723 4083 Trasumennum
747 4041 819 4082 cum
843 4020 984 4084 exercitu
1008 4018 1132 4082 insidiis
1156 4019 1288 4081 circum·

219 4132 351 4191 ventum
370 4127 496 4211 occidit,
515 4149 617 4210 neque
636 4127 738 4190 multo
758 4130 831 4208 post
850 4127 883 4189 in
901 4125 1039 4191 Umbria
1054 4124 1087 4188 0.
1098 4122 1288 4188 Centenium
1298 4146 1325 4186 a
