3198 4864
636 417 910 474 EPAMINONDAS.
1263 424 1305 488 39

329 584 398 648 Nec
430 606 506 647 vero
538 582 600 646 hoc
631 583 729 646 semel
761 583 851 666 fecit,
888 583 943 645 sed
975 584 1109 666 saepius.
1164 582 1305 646 Maxime
1332 609 1358 647 n.
1371 610 1450 648 aaran
1463 609 1505 647 aas

178 699 233 753 111)
242 697 348 755 autem
385 691 449 754 fuit
485 690 623 772 illustre,
660 711 732 752 cum
770 691 803 752 in
835 689 1092 772 Peloponnesum
1129 690 1305 753 exercitum
1314 672 1528 782 {ssffifflf

242 800 385 862 duxisset
426 798 459 860 in
495 796 764 860 Lacedaemonios
805 795 1001 879 haberetque
1038 796 1176 881 collegas
1218 796 1306 879 duos,
1339 796 1505 834 F¹³⁵t¹¹i¹¹⁸¹¹r

242 929 379 989 quorum
417 903 498 968 alter
534 907 603 966 erat
639 902 822 986 PelopidaS,
864 903 913 966 vir
949 903 1043 966 fortis
1076 924 1112 966 ac
1148 907 1305 966 strennue.

220 1012 324 1076 sCum
361 1017 505 1094 tempore
542 1010 751 1094 magistratus
788 1013 899 1072 exacto
937 1010 1108 1092 imperium
1146 1010 1185 1072 iis
1224 1013 1306 1072 esset
1375 1045 1377 1050 ,

243 1119 434 1203 abrogatum
463 1121 559 1200 atque
587 1117 621 1179 in
644 1137 754 1179 eorum
782 1115 889 1178 locum
918 1116 972 1179 alii
996 1121 1159 1199 praetores
1186 1137 1306 1179 sucees-

243 1226 370 1306 sissent,
398 1223 683 1306 Epaminondas
711 1223 824 1305 populi
847 1223 926 1286 scito
956 1245 1029 1286 non
1056 1223 1186 1306 paruit
1209 1223 1306 1285 idem-

243 1354 304 1414 que
345 1336 382 1394 ut
422 1331 564 1393 facerent
604 1330 762 1412 persuasit
803 1329 935 1413 collegis
972 1335 1005 1392 et
1045 1329 1179 1412 bellum,
1221 1329 1307 1412 quod

243 1441 438 1520 susceperat,
452 1437 560 1521 gessit.
583 1435 731 1518 Namque
746 1436 1033 1519 animadvertebat,
1048 1437 1110 1499 nisi
1125 1436 1158 1498 id
1171 1436 1307 1518 fecisset,

209 1549 349 1607 rototum
386 1543 560 1606 exercitum
598 1546 730 1626 propter
766 1547 950 1625 praetorum
981 1543 1230 1625 imprudentiam
1261 1543 1307 1604 in-

243 1651 432 1732 scitiamque
456 1649 534 1712 belli
556 1650 743 1732 periturum.
776 1648 842 1712 Lex
861 1655 930 1714 erat
949 1649 1081 1733 Thebis,
1105 1671 1185 1732 quae
1204 1653 1307 1712 morte

243 1755 415 1838 multabat,
439 1757 466 1818 si
486 1757 558 1839 quis
577 1755 747 1838 imperium
767 1756 888 1819 diutius
906 1757 1103 1839 retinuisset,
1122 1779 1217 1839 quam
1236 1756 1307 1840 lege

243 1863 448 1946 praefinitum
472 1867 562 1926 esset.
605 1861 708 1938 Quam
732 1863 972 1946 Epaminondas
996 1885 1068 1926 cum
1092 1862 1308 1946 reipublicae

244 1969 524 2033 conservandae
548 1990 643 2032 causa
665 1969 764 2032 latam
783 1971 919 2052 videret,
943 1971 983 2032 ad
1001 1970 1209 2052 perniciem
1233 1969 1307 2030 civi·

210 2078 320 2143 atatis
344 2077 481 2140 conferri
505 2075 609 2138 noluit
633 2080 665 2138 et
689 2081 842 2158 quattuor
865 2077 1029 2139 mensibus
1053 2076 1187 2157 diutius,
1212 2096 1307 2157 quam

243 2184 382 2267 populus
405 2183 555 2265 iusserat,
578 2183 679 2268 gessit
702 2183 881 2266 imperium.

331 2287 365 2356 8.
389 2290 565 2373 Postquam
590 2289 719 2352 domum
743 2290 882 2352 reditum
906 2294 967 2372 est,
992 2289 1132 2374 collegae
1156 2289 1224 2352 eius
1247 2287 1343 2351 hoca.
1358 2308 1416 2346 wara
1435 2307 1530 2345 aesna

244 2397 377 2460 crimine
407 2397 646 2460 accusabantur.
694 2394 817 2471 Quibus
849 2397 904 2460 ille
927 2397 1087 2480 permisit,
1117 2401 1153 2458 ut
1181 2370 1531 2482 0111111111Ἓξξζέ,”ξῇ’,οζζῗΙΓ

244 2525 371 2566 causam
405 2504 442 2566 in
475 2526 512 2567 se
544 2504 755 2567 transferrent
786 2515 928 2586 suaque
959 2503 1055 2587 opera
1087 2503 1208 2566 factum
1241 2523 1308 2565 esse

208 2634 235 2672 20
245 2611 484 2691 contenderent,
517 2615 553 2673 ut
580 2610 645 2695 legi
675 2633 739 2674 non
772 2611 968 2674 oboedirent.
1015 2609 1102 2686 Quae
1126 2610 1309 2673 defensione

244 2715 309 2778 illis
339 2715 481 2798 periculo
511 2717 656 2780 liberatis
679 2739 772 2780 nemo
796 2717 1053 2800 Epaminondam
1082 2738 1309 2800 responsurum

243 2823 392 2905 putabat,
426 2822 525 2905 quod,
558 2822 636 2904 quid
668 2824 799 2905 diceret,
832 2846 897 2886 non
929 2823 1069 2886 haberet.
1116 2821 1161 2885 lt
1194 2822 1248 2885 ille
1276 2823 1310 2885 in

244 2929 398 2992 iudicium
436 2929 536 3010 venit,
573 2928 655 2991 nihil
691 2951 801 2992 eorum
839 2930 981 3013 negavit,
1019 2951 1100 3012 quae
1137 2929 1310 2991 adversarii

245 3037 371 3100 crimini
400 3036 533 3118 dabant,
562 3036 746 3120 omniaque,
775 3057 856 3119 quae
884 3035 1025 3120 collegae
1049 3035 1209 3117 dixerant,
1237 3056 1314 3122 con2

209 3167 234 3206 aa
244 3145 346 3207 fessus
365 3147 414 3206 est
433 3165 534 3226 neque
553 3144 724 3225 recusavit,
744 3143 916 3227 quominus
933 3141 1014 3227 legis
1028 3163 1164 3225 poenam
1179 3142 1310 3225 subiret,

245 3252 431 3315 sedunum
452 3250 493 3313 ab
513 3251 553 3313 iis
572 3251 701 3333 petivit,
725 3251 820 3314 utin
840 3249 987 3332 sepulcro
1007 3270 1065 3311 suo
1085 3249 1309 3312 inscriberent:

240 3351 493 3440 ‘Epaminondas
520 3379 541 3421 a
570 3357 726 3422 Thebanis
754 3361 849 3420 mora
875 3357 1024 3421 multatas
1053 3361 1108 3440 est,
1140 3357 1236 3438 qaod
1261 3377 1309 3421 eos

244 3466 338 3547 coepit
354 3465 441 3546 apud
457 3463 591 3528 Leuctra
607 3483 752 3546 saporare
769 3463 1038 3546 Lacedaemonios,
1061 3483 1136 3544 qaas
1153 3467 1225 3527 ante
1242 3482 1311 3526 erar

245 3575 459 3654 imperatorem
488 3591 575 3635 mmo
606 3567 793 3634 Boeotorum
823 3589 919 3634 casas
948 3573 993 3634 est
1021 3569 1155 3649 aspicere
1179 3569 1215 3632 a'a
1237 3569 1310 3651 acie,

209 3680 406 3760 mqaodqae
422 3698 485 3742 aaa
499 3677 617 3759 proelio
635 3697 698 3742 aaa
716 3677 816 3741 solam
833 3675 951 3740 Thebas
969 3675 1008 3739 ab
1028 3675 1155 3738 interita
1169 3676 1311 3759 retraxit,

244 3787 298 3850 sea
332 3786 424 3850 etiam
460 3785 636 3848 universam
669 3782 833 3848 Graeciam
870 3783 905 3846 r'a
942 3782 1108 3847 labertatem
1144 3781 1312 3846 rindiravit

245 3913 335 3974 eoque
365 3912 414 3956 res
444 3895 643 3972 utrorumque
673 3891 809 3974 reduxit,
840 3894 879 3954 at
912 3889 1050 3953 Thebani
1082 3886 1231 3971 Spartam
1262 3908 1312 3970 op

239 4003 430 4082 puprareat,
458 3997 694 4062 Lacedaemonii
719 3998 796 4062 satis
823 3995 977 4079 baberent,
1004 3996 1033 4060 si
1060 3994 1139 4059 salvi
1161 4013 1223 4058 esse
1239 4015 1312 4077 poss

245 4103 326 4169 scat?
375 4102 462 4179 Quae
491 4125 562 4167 cum
592 4103 737 4186 dixisset,
764 4104 847 4166 risus
876 4102 1018 4165 omniurn
1047 4122 1119 4163 cum
1148 4099 1311 4163 hilaritate

210 4215 375 4274 ascoortus
412 4215 474 4293 est,
511 4233 614 4294 neque
652 4211 821 4294 quisquam
859 4209 954 4272 iudex
992 4230 1087 4272 ausus
1124 4212 1173 4270 est
1206 4207 1243 4268 de
1274 4227 1310 4270 eo
