2940 4710
561 351 832 406 ruaasrnmus
1186 355 1228 418 33
1313 386 1346 427 ‚

163 515 292 599 quidem
326 539 376 578 res
409 519 441 578 et
473 515 752 578 contemnentibus
788 515 979 597 perniciei
1015 519 1048 578 11
1080 515 1227 596 despecto

163 623 285 685 saluti
317 623 387 685 fuit.
434 622 565 685 Etenim
598 621 689 686 illos
727 643 861 706 segnes
894 623 934 684 ad
965 621 1229 705 persequendum,

162 728 232 792 hos
268 733 413 812 tempore
451 729 491 791 ad
527 728 775 810 comparandum
809 728 883 791 dato
916 728 993 790 fecit
1024 728 1228 791 firmiores.

164 834 234 910 Quo
253 836 356 920 magis
376 839 582 918 praeceptum
602 834 684 897 illud
702 834 846 897 omnium
861 835 894 897 in
913 834 1029 898 animis
1048 856 1115 896 esse
1135 834 1229 897 debet

140 941 246 1008 anihil
263 942 298 1004 in
316 942 401 1005 bello
422 946 569 1024 oportere
589 941 759 1024 contemni,
782 963 884 1024 neque
907 940 975 1004 sine
994 962 1089 1003 causa
1112 940 1230 1004 dicitur

163 1052 298 1111 matrem
322 1048 429 1112 timidi
451 1049 528 1112 flere
551 1069 616 1111 non
640 1047 750 1110 solere.

251 1153 364 1238 Neque
395 1141 503 1218 tamen
532 1176 591 1237 pro
622 1153 772 1236 opinione
796 1153 990 1236 Thrasybuli
1021 1158 1131 1218 auctae
1154 1158 1230 1217 sunt
1246 1179 1286 1217 rh.
1301 1179 1391 1218 erobore
1405 1179 1450 1219 een

163 1283 249 1344 opes,
272 1283 346 1324 nem
366 1262 430 1324 iam
449 1261 532 1324 illis
551 1260 751 1343 temporibus
770 1260 887 1323 fortius
906 1261 984 1324 boni
1001 1281 1060 1343 pro
1079 1240 1450 1353 libertate,}'‡,}{¹¹{,g¹¹t‘¹,„{⁶,.

162 1369 378 1452 loquebantur
410 1390 505 1450 quam
537 1367 734 1451 pugnabant.
780 1365 865 1429 Hinc
894 1367 928 1430 in
950 1366 1099 1430 Piraeum
1128 1371 1229 1431 trans·
1265 1365 1424 1467 nauffinna

128 1475 203 1537 11111
234 1473 506 1557 Munychiamque
542 1465 688 1536 munivit.
748 1471 840 1536 Hanc
876 1474 1005 1556 tyranni
1043 1495 1228 1559 oppugnare

99 1585 239 1644 mesonc
253 1581 373 1664 conati,
392 1581 448 1645 sed
461 1582 600 1664 turpiter
618 1580 764 1662 repulsi
784 1580 932 1662 protinus
951 1580 985 1642 in
1004 1580 1116 1643 urbem
1132 1582 1228 1644 armis

163 1687 464 1770 impedimentisque
488 1680 613 1750 amissis
636 1687 871 1771 refugerunt.
912 1685 999 1750 Usus
1023 1691 1071 1750 est
1091 1686 1228 1772 Thrasy-

163 1794 259 1857 bulus
295 1816 360 1857 non
397 1795 504 1856 minus
540 1793 710 1875 prudentia
748 1814 843 1875 quam
885 1793 1083 1856 fortitudine.
1142 1793 1227 1856 Nam

164 1901 310 1964 cedentes
328 1900 443 1964 violari
462 1900 564 1963 vetuit
584 1897 683 1985 (cives
701 1899 786 1962 enim
801 1899 925 1963 civibus
943 1921 1072 1981 parcere
1091 1922 1228 1983 aequum

129 2005 339 2093 recensebat),
371 2029 491 2090 neque
525 2007 724 2089 quisquam
753 2010 802 2069 est
824 2005 1023 2088 vulneratuS,
1055 2007 1130 2069 nisi
1164 2008 1228 2090 qui

162 2113 251 2196 prior
274 2114 526 2198 impugnaverat.
572 2112 743 2176 Neminem
774 2112 929 2174 iacentem
958 2116 1045 2175 veste
1069 2112 1228 2197 spoliavit,

163 2219 246 2282 nihil
260 2217 447 2304 acrrgicnisi
456 2242 553 2301 arma,
568 2240 704 2302 quorum
715 2218 889 2302 indigebat,
904 2239 1048 2301 quaeque
1058 2220 1098 2282 ad
1107 2221 1227 2283 victum

162 2327 375 2409 pertinebant.
421 2324 459 2389 In
482 2325 544 2390 hoc
569 2324 692 2409 proelio
724 2325 838 2387 cecidit
861 2323 992 2408 Critiae,
1025 2326 1089 2388 dux
1121 2330 1227 2408 tyran·

162 2456 291 2518 norum,
315 2455 387 2496 cum
411 2433 445 2496 in
468 2432 706 2516 Thrasybulum
729 2432 904 2494 fortissime
927 2436 1093 2516 pugnaret.

126 2565 153 2602 eo
251 2537 283 2606 3.
314 2540 386 2604 Hoc
424 2540 546 2602 deiecto
581 2538 768 2620 Pausanias,
805 2560 861 2601 rex
893 2537 1226 2622 Lacedaemoniorum,
1249 2564 1375 2604 Pausaniae
1388 2575 1439 2604 ve:-

162 2646 280 2709 Atticis
304 2647 424 2709 auxilio
448 2646 544 2710 yenit.
590 2642 623 2708 Is
646 2645 730 2708 inter
753 2644 992 2728 Thrasybulum
1016 2649 1048 2708 et
1072 2668 1138 2728 eoa,
1172 2647 1228 2730 qui
1243 2627 1329 2666 mitten
1342 2627 1448 2667 Ffi⁰d⁰¹¹⁸

162 2753 274 2816 urbem
297 2753 462 2835 tenebant,
494 2751 571 2813 fecit
593 2772 704 2833 pacem
734 2751 794 2814 his
819 2752 1072 2814 condicionibus:
1105 2773 1144 2816 ne
1174 2755 1229 2834 qui

154 2865 281 2944 praeter
303 2860 433 2941 triptota
456 2862 604 2940 tyrannos
635 2861 663 2921 et
693 2858 803 2940 decem,
836 2858 891 2938 qui
922 2861 1034 2939 postea
1064 2863 1228 2940 praetores

162 2966 259 3029 creati
282 2965 456 3048 superioris
479 2986 568 3027 more
596 2963 794 3026 crudelitatis
818 2967 909 3026 erant
937 2964 1000 3047 usi,
1032 2966 1229 3047 efficerentur

126 3074 268 3138 arcesilao
299 3093 385 3137 eece
416 3072 496 3137 borae
520 3071 770 3154 pertenentem
808 3071 855 3135 rei
880 3072 1022 3154 publicae
1046 3075 1227 3155 procuratio

157 3181 294 3262 populo
315 3180 497 3244 redderetur.

249 3285 452 3350 Praeclarum
471 3289 519 3348 est
537 3284 607 3347 hoc
627 3306 753 3367 quoque
773 3283 980 3368 Thrasybuli,
1002 3285 1101 3367 quod
1119 3307 1225 3349 recon-
1255 3313 1294 3351 rh.
1310 3313 1371 3362 zaga
1384 3313 1435 3354 non

161 3393 269 3456 ciliata
291 3413 382 3476 pace,
415 3385 487 3455 cum
519 3391 695 3474 plurimum
728 3390 761 3453 in
790 3390 919 3453 civitate
951 3395 1072 3473 posset,
1104 3374 1448 3478 legem”³‡{,J,{”‡H{}⁸⁰

161 3499 268 3583 tulit,
301 3521 344 3562 ne
378 3498 450 3582 quis
481 3501 554 3560 ante
587 3497 730 3560 actarum
762 3519 868 3560 rerum
902 3500 1103 3560 accusaretur
1134 3521 1226 3561 neve

126 3606 364 3688 eomultaretur,
388 3626 521 3688 eamque
536 3603 652 3689 ‘legem
673 3600 855 3667 oblivionis
878 3603 1126 3686 appellaverunt.
1163 3604 1226 3668 Ne-

161 3733 222 3794 que
254 3733 329 3775 1111
361 3711 444 3774 hanc
476 3714 603 3773 tantum
636 3711 829 3773 ferendam
863 3710 999 3792 curavit,
1031 3709 1086 3772 sed
1120 3710 1226 3794 etiam,

160 3822 197 3881 ut
220 3818 381 3902 valeret,
404 3816 516 3880 effecit.
553 3815 637 3881 Nam
663 3839 744 3880 cum
769 3817 898 3900 quidam
921 3839 960 3880 ex
979 3816 1031 3900 iis,
1055 3817 1111 3900 qui
1129 3818 1226 3881 simul

161 3946 234 3987 cum
253 3946 290 3988 eo
309 3925 343 3987 in
363 3924 476 3987 exsilio
494 3923 635 4007 fuerant,
659 3923 786 3987 caedem
811 3923 914 3986 facere
933 3914 1043 3986 eorum
1067 3924 1225 4009 vellent,

161 4053 233 4094 cum
257 4032 375 4114 quibus
397 4030 525 4113 publice
549 4029 583 4092 in
602 4031 739 4115 gratiam
760 4030 898 4093 reditum
918 4034 999 4113 erat,
1021 4030 1225 4113 prohibuit

125 4159 150 4200 aa
161 4142 193 4201 et
216 4137 262 4220 id,
286 4138 373 4221 quod
394 4137 559 4219 pollicitus
582 4141 663 4220 erat,
686 4136 857 4219 praestitit.

213 4261 301 4311 Nepos,
320 4260 451 4310 Cornelius,
469 4272 488 4298 v.
499 4260 598 4308 rogner.
627 4261 692 4299 Text.
997 4264 1012 4310 3
