2940 4710
454 360 679 413 ALEXANDER
697 358 857 414 MAGNUS.
1144 365 1186 427 59

120 525 247 610 magnis
281 523 451 587 itineribus
487 524 527 587 ad
563 524 687 608 Tigrim
725 527 829 586 eastra
865 527 1017 586 moverat.
1067 523 1391 607 -Magnaxanaaa

121 635 190 694 erat
219 630 394 693 difficultas
423 630 622 712 transeundi,
656 653 731 693 nam
760 630 881 693 fiumen
912 652 976 693 non
1007 628 1111 692 solum
1141 629 1187 692 in·
1268 610 1351 660 Tim·

120 741 250 823 gentem
274 759 374 820 aquae
397 738 477 821 vim,
505 737 680 800 sedetiam
708 759 826 822 magna
849 759 925 800 saxa
953 757 1060 799 secum
1084 735 1187 799 trahe-

120 845 185 908 bat.
222 843 305 906 Turn
328 845 486 907 exercitus
510 844 608 907 deleri
630 844 753 927 potuit,
782 844 809 906 si
838 844 910 926 quis
937 843 1069 928 aggredi
1093 863 1187 905 ausus

97 956 216 1034 cesset,
250 951 305 1014 sed
333 954 489 1034 perpetua
522 951 653 1014 fortuna
683 951 768 1035 regis
802 950 928 1014 hostem
958 950 1031 1013 inde
1063 950 1186 1012 avertit.

119 1057 243 1122 Eodem
267 1057 362 1120 modo
385 1055 568 1120 Alexander
590 1058 624 1120 in
648 1061 819 1141 conspectu
846 1056 989 1120 hostium
1014 1055 1187 1120 Granicum

120 1164 348 1250 angustiasque
371 1162 502 1228 Ciliciae
525 1170 737 1247 superaverat.

56 1277 109 1332 sal
209 1266 264 1338 14.
283 1270 408 1334 Dareus
426 1271 466 1334 ad
485 1272 639 1354 oppidum
660 1271 856 1357 Gaugamela
874 1271 994 1334 milites
1013 1271 1186 1333 subsistere
1196 1287 1239 1325 Die
1249 1285 1359 1326 Somaoht
1371 1285 1391 1324 11

120 1383 324 1462 armatosque
364 1377 490 1440 hostem
533 1383 716 1461 exspectare
757 1378 859 1441 iussit.
918 1377 1032 1462 Pugna
1073 1347 1391 1461 deindenaffim

67 1488 110 1546 *10
120 1486 290 1549 commissa
321 1484 484 1567 utrimque
515 1485 690 1548 fortissime
723 1485 943 1549 dimicabatur.
997 1484 1187 1547 Macedones

119 1592 245 1656 hostem
277 1591 396 1655 totiens
428 1591 549 1654 victum
583 1592 792 1675 despicientes
825 1593 977 1655 acerrime
1010 1590 1186 1674 instabant,

119 1699 234 1763 Persae
252 1699 335 1762 mori
355 1721 451 1781 quam
469 1699 555 1762 vinci
574 1700 745 1764 malebant.
775 1697 843 1763 Iam
868 1699 1068 1762 sinistrum
1088 1719 1187 1760 cornu

119 1805 346 1887 Macedonum,
388 1805 439 1868 cui
475 1805 644 1870 Parmenio
687 1811 846 1890 praeerat,
884 1807 1007 1891 ingenti
1043 1805 1187 1868 hostium

120 1911 327 1974 multitudine
358 1913 472 1995 pedem
504 1913 622 1976 referre
656 1914 843 1999 cogebatur,
872 1934 1089 1998 magnumque
1119 1916 1187 1974 erat

85 2018 310 2101 opericulum,
343 2041 383 2082 ne
414 2018 597 2082 Alexander
633 2041 705 2083 curn
743 2021 877 2083 dextro
915 2041 1013 2082 cornu
1046 2018 1187 2100 undique

120 2125 349 2194 circumiretur.
399 2125 482 2188 'lum
519 2126 643 2209 equites
674 2125 811 2212 Agriani
848 2126 974 2208 Persas,
1011 2125 1066 2208 qui
1104 2124 1187 2187 circa

119 2231 260 2294 Dareum
297 2235 400 2314 erant,
443 2232 547 2295 adorti
583 2233 741 2316 proelium
779 2234 996 2296 restituerunt.
1047 2229 1085 2293 In
1123 2252 1186 2314 quo

120 2338 292 2401 certamine
316 2359 388 2400 cum
408 2337 505 2402 Darei
529 2352 641 2424 auriga
664 2341 787 2404 occisus
817 2344 912 2422 esset,
942 2339 1057 2402 Persae
1080 2338 1186 2420 ipsum

119 2467 245 2530 regem
280 2445 429 2509 cecidisse
461 2446 609 2510 arbitrati
637 2469 766 2510 currum
790 2448 1012 2511 destituerunt.
1059 2445 1187 2508 Dicitur

85 2551 256 2634 aoDareus,
294 2573 366 2614 cum
403 2574 478 2616 suos
515 2554 661 2617 cedentes
688 2555 823 2636 videret,
860 2558 996 2617 mortem
1029 2553 1092 2616 sibi
1119 2553 1186 2634 ipse

120 2659 313 2720 consciscere
328 2658 480 2742 voluisse,
495 2661 550 2723 sed
564 2683 583 2722 a
596 2661 752 2743 proximis
767 2662 801 2724 in
814 2661 925 2746 fugam
945 2661 1096 2742 abreptus
1111 2681 1186 2722 esse.

120 2763 269 2827 Victores
303 2763 463 2848 fugientes
499 2766 661 2829 subsecuti
697 2768 817 2832 multos
854 2767 1089 2830 interfecerunt.
1136 2764 1187 2826 Ad

121 2871 333 2956 quadraginta
351 2871 441 2933 milia
455 2871 624 2935 Persarum
647 2895 684 2935 11
704 2895 813 2957 pugna
835 2873 984 2936 cecidisse
1006 2872 1185 2934 traduntur.

210 2975 263 3045 15.
284 2977 354 3054 Qua
371 2978 507 3042 victoria
529 2984 622 3062 parta
640 2979 822 3043 Alexander
840 2978 960 3042 Arbela
979 2978 1076 3061 cepit,
1101 2977 1186 3060 quod
1208 2994 1235 3033 Α.
1250 2994 1275 3032 in
1289 2994 1391 3043 Babrlon

85 3106 110 3145 11
121 3086 274 3168 oppidum
310 3089 380 3148 tota
416 3085 505 3170 regia
541 3087 750 3170 supellectile,
791 3086 941 3170 pretiosis
978 3085 1186 3166 vestimentis,

121 3191 317 3273 amplissimo
336 3190 486 3254 thesauro
502 3198 655 3275 quattuor
673 3195 798 3258 milium
817 3194 976 3257 talentum
991 3192 1186 3275 completum

121 3302 201 3379 erat,
225 3296 340 3378 opibus
358 3297 459 3360 totius
478 3299 636 3362 exercitus
655 3304 727 3363 ante
750 3323 892 3385 pugnam
912 3322 948 3363 eo
968 3298 1185 3381 comportatis

120 3403 202 3488 Regi
232 3403 305 3466 inde
336 3404 376 3466 ad
406 3403 604 3487 Babylonem
634 3408 819 3489 procedenti
842 3407 1029 3487 Mazaeus,
1061 3405 1116 3488 qui
1147 3427 1185 3467 ex

120 3512 200 3594 acie,
237 3511 271 3572 in
308 3533 371 3593 qua
403 3511 560 3594 equitatui
596 3514 776 3596 praefectus
808 3511 1052 3576 Parmenionem
1086 3533 1185 3594 paene

84 3640 113 3680 ao
120 3621 329 3701 oppresserat,
343 3617 407 3680 huc
416 3619 612 3704 confugerat,
626 3621 761 3704 supplex
776 3621 926 3684 obviam
941 3620 1047 3683 venit
1060 3619 1185 3682 urbem-

120 3748 181 3808 que
205 3747 241 3788 ac
264 3747 298 3788 se
322 3746 460 3808 suosque
487 3727 658 3791 tradidit.
706 3727 823 3792 Gratus
848 3729 1002 3792 adventus
1026 3727 1094 3790 eius
1117 3727 1185 3812 regi

118 3833 194 3916 fuit,
224 3855 298 3895 nam
331 3835 439 3895 tantae
469 3836 599 3917 tamque
628 3835 771 3898 munitae
801 3835 891 3898 urbis
921 3834 1045 3898 obsidio
1076 3835 1186 3919 magni

119 3944 151 4002 et
174 3939 318 4002 diuturni
342 3940 446 4022 operis
474 3940 583 4004 futura
611 3946 687 4005 erat.
733 3942 854 4005 Tamen
882 3941 1001 4004 milites
1030 3942 1185 4025 quadrato

119 4045 258 4130 agmine,
276 4045 365 4109 velut
388 4047 415 4110 si
434 4048 468 4110 in
487 4048 587 4112 aciem
605 4049 783 4132 prodirent,
807 4050 920 4112 urbem
939 4047 1058 4112 intrare
1083 4048 1198 4136 iussit„

82 4152 275 4216 aaPermulti
312 4153 461 4217 incolae
498 4155 531 4218 in
563 4157 663 4218 muris
695 4156 956 4219 constiterant
997 4156 1072 4219 novi
1100 4156 1185 4239 regis
