3198 4864
699 416 837 494 ‚emon
1267 428 1307 490 19

179 588 234 644 473
242 580 417 646 Pausanias
447 604 596 668 magnam
624 583 701 647 belli
729 584 866 668 gloriam
889 585 978 668 turpi
1000 589 1103 649 morte
1126 586 1308 650 maculavit.

243 687 343 753 Cuius
362 690 482 752 mortui
501 711 616 773 corpus
635 712 708 753 cum
727 690 856 754 eodem
875 690 1022 754 nonnulli
1037 692 1178 756 dicerent
1196 693 1308 756 inferri
1319 717 1386 758 Scina
1400 719 1490 758 aestat-

243 800 403 878 oportere,
427 818 499 880 quo
523 818 590 880 eos,
614 797 669 880 qui
692 796 850 880 supplicio
874 797 979 861 affecti
1002 802 1120 882 essent,
1144 799 1309 882 displicuit
1371 785 1435 830 ‘¹¹³⁸'

241 902 402 986 pluribus,
426 906 458 966 et
480 904 593 986 procul
617 905 657 968 ab
681 925 719 968 eo
741 903 813 968 loco
836 904 1034 988 infoderunt,
1058 927 1121 989 quo
1140 911 1208 970 erat
1226 927 1308 970 mor-

220 1013 326 1072 stuus.
378 1007 456 1072 Inde
485 1014 597 1094 postea
627 1011 677 1074 dei
707 1010 857 1093 Delphici
885 1033 1038 1093 responso
1071 1014 1181 1076 erutus
1212 1016 1308 1096 atque

243 1117 354 1180 eodem
377 1116 448 1180 loco
472 1116 617 1199 sepultus
639 1122 701 1201 est,
724 1117 781 1182 ubi
805 1118 989 1182 decesserat.

670 1351 881 1358 .-——-—-

675 1525 716 1590 V.
740 1523 876 1594 (timon.

243 1656 278 1714 A.
297 1654 373 1730 Kap.
392 1659 406 1712 1
424 1654 486 1712 und
502 1657 536 1713 2:
555 1653 659 1714 cimon
678 1656 795 1732 kampft
813 1656 958 1734 siegreieh
976 1657 1017 1715 im
1031 1642 1197 1734 dgtischen
1211 1658 1308 1716 Meere

298 1744 361 1802 und
383 1743 498 1820 besiegt
520 1744 568 1802 die
591 1744 697 1804 Perser
718 1765 767 1804 arn
789 1746 989 1822 Eurymedon.

208 1867 233 1906 ro
242 1851 276 1908 B.
295 1850 371 1926 Kap.
386 1853 420 1910 3:
443 1850 475 1910 C.
494 1851 569 1909 wird
591 1851 750 1927 verbannt,
774 1852 845 1911 aber
866 1853 975 1912 wieder
997 1855 1229 1931 zurtickgeruien
1247 1855 1309 1912 und

300 1939 390 1997 stirbt
412 1941 457 1998 als
478 1940 622 1998 Feldherr
645 1942 700 1999 aui
720 1942 846 2017 Cypern.

244 2046 274 2105 C.
298 2045 374 2121 Kap.
390 2051 423 2104 4:
446 2033 527 2104 liber
550 2046 668 2107 Oimons
693 2046 869 2123 Charakter3
893 2049 972 2106 seina
995 2049 1234 2127 Freigiebigkeit.

331 2179 362 2249 1.
389 2181 518 2266 Cimon,
548 2181 704 2247 Miltiadis
736 2185 836 2267 filius,
865 2183 1072 2249 Atheniensis
1105 2190 1180 2269 post
1206 2187 1308 2270 patris
1318 2212 1341 2252 o.
1355 2214 1442 2252 sommi
1463 2214 1530 2251 rasel
1590 2199 1591 2270 3

243 2293 379 2352 mortem
410 2290 555 2353 celeriter
585 2291 626 2354 ad
654 2291 870 2375 principatum
900 2292 996 2355 venit.
1046 2291 1196 2356 Habebat
1223 2294 1309 2358 enim
1345 2287 1374 2314 ”¹¹
1389 2274 1504 2314 mm
1590 2275 1591 2314 l

207 2419 232 2459 1s
242 2396 320 2460 satis
352 2397 567 2481 eloquentiae,
598 2419 756 2461 summam
786 2397 1027 2482 liberalitatem,
1056 2421 1206 2485 magnam
1236 2423 1308 2484 pru·
1360 2449 1363 2453 -

243 2503 384 2567 dentiam
412 2525 494 2567 cum
524 2504 603 2567 iuris
627 2504 731 2568 civilis
757 2510 836 2568 tum
864 2505 910 2568 rei
934 2506 1097 2588 militaris,
1127 2507 1309 2590 quodcum

242 2614 333 2692 patre
361 2633 379 2672 a
406 2632 505 2693 puero
534 2611 568 2673 in
595 2611 789 2674 exercitibus
811 2612 917 2676 fuerat
938 2617 1090 2676 versatus.
1136 2611 1250 2697 ltaque
1273 2619 1309 2678 et

242 2715 399 2796 populum
422 2716 581 2780 urbanum
605 2718 639 2780 in
661 2740 719 2781 sua
742 2719 846 2782 tenuit
868 2723 1028 2801 potestate
1055 2724 1092 2784 et
1115 2721 1200 2804 apud
1223 2743 1308 2784 exer-

209 2843 234 2882 11
244 2820 344 2883 citum
367 2821 542 2904 plurimum
566 2823 669 2886 valuit
692 2825 891 2888 auctoritate.
1560 2875 1562 2880 ·
1590 2879 1591 2898 1

180 2934 234 2989 476
332 2924 364 2994 2.
388 2925 555 2991 Primum
579 2929 755 3012 imperator
777 2931 817 2992 ad
834 2931 954 2994 flumen
973 2931 1178 3015 Strymbnem
1196 2931 1309 2996 Persas
1319 2957 1354 2997 cs
1366 2958 1530 3007 Kriegsthaten

243 3055 282 3097 ex
297 3034 415 3118 oppido
425 3034 528 3098 Eione
543 3035 667 3118 expulit
680 3057 875 3121 magnasque
886 3037 993 3120 copias
1002 3037 1162 3102 Thracum
1176 3039 1309 3124 fugavit.
1318 3020 1344 3058 ¹¹¹
1353 3019 1530 3059 ⁰⁶⁰⁰h⁶¹¹¹⁸nl

244 3141 367 3204 Eodem
396 3164 479 3205 anno
504 3141 652 3226 Scyrum,
682 3165 778 3226 quam
802 3165 839 3206 eo
863 3148 1007 3227 tempore
1030 3145 1172 3229 Dolbpes
1195 3145 1309 3210 incole-

244 3249 336 3330 bant,
366 3249 555 3332 vacuefecit,
584 3271 783 3332 possessores
810 3255 945 3334 veteres,
976 3254 1062 3336 quod
1091 3253 1310 3317 contumacius

209 3375 278 3417 1111
310 3359 486 3438 gesserant,
523 3377 562 3418 ex
597 3356 677 3419 urbe
714 3356 881 3440 insulaque
913 3357 1019 3441 eiecit,
1056 3381 1150 3444 agros
1187 3360 1310 3423 civibus

181 3461 380 3530 ccidivisit„
408 3459 498 3524 Idem
526 3465 661 3544 postea
683 3461 818 3525 Thasios
845 3463 1010 3545 opulentia
1032 3466 1145 3547 111111,
1176 3466 1232 3548 qui
1254 3488 1311 3548 per

182 3551 420 3664 &triennium
443 3568 572 3632 fortiter
590 3569 787 3652 restiterant,
810 3570 916 3654 fregit.
953 3569 1014 3634 His
1032 3572 1175 3636 victoriis
1194 3594 1311 3658 magna

244 3675 363 3758 praeda
380 3675 543 3759 potitus,
564 3696 635 3738 cum
656 3676 787 3739 domum
806 3681 1031 3760 reverteretur,
1050 3679 1219 3762 quodiam
1234 3702 1310 3743 non-

245 3781 351 3844 nullae
388 3782 511 3845 insulae
547 3787 679 3866 propter
715 3783 922 3847 acerbitatem
959 3785 1085 3868 imperii
1123 3785 1311 3870 defecerant,

245 3889 325 3952 bene
346 3889 503 3952 animatas
527 3889 790 3972 confirmavit,
814 3890 968 3954 alienatas
987 3891 1027 3954 ad
1046 3891 1189 3956 officium
1208 3894 1310 3957 redire

208 3996 380 4080 soooegit.

181 4106 235 4162 lca
333 4100 422 4166 ldam
459 4103 576 4166 iterum
609 4104 784 4187 imperator
815 4105 855 4167 ad
886 4104 1005 4168 flumen
1037 4105 1310 4189 Eurymedontem
1346 4132 1505 4179 1111111111-

245 4207 437 4292 Gypriorum
472 4213 505 4272 et
536 4209 732 4274 Phoenicum
766 4210 974 4275 ducentarum
1011 4212 1141 4276 navium
1178 4213 1310 4276 classem
1321 4194 1531 4306 ⁵⁰h¹,⁸5⁰,¹,',²„{³0¹{¹,ss¹¹'

1061 4335 1098 4385 2*
