2940 4710
581 347 803 405 ALCIBIADES.
1179 354 1221 418 23

157 513 313 577 deorum
344 513 508 576 videretur
536 535 714 598 congruere
747 512 936 596 sententiae,
973 533 1070 595 quam
1102 512 1157 576 4116
1189 535 1222 576 66

81 699 84 705 ἦ
156 620 343 684 habiturum
370 621 506 702 pecunia
528 620 630 683 fidens
654 624 844 702 speraverat.
890 618 983 683 Hane
1006 620 1035 683 ei
1059 620 1222 703 scripsisse

121 736 124 743 '
158 725 257 790 cleon
280 725 536 790 Halicarnassius
560 727 685 790 dicitur.

246 829 278 898 4
301 832 374 896 Η66
401 832 472 896 1666
503 854 568 896 non
598 837 646 896 est
676 837 768 916 praet
754 833 943 897 tereuudum
972 834 1039 897 fact
1025 838 1094 898 tum
1124 832 1221 896 Phar·
1232 858 1420 899 apamenam

93 940 283 1023 4646614644,
315 939 451 1022 satrapis
482 940 572 1025 regii.
625 940 710 1012 Nam
743 962 816 1005 cum
848 939 1012 1023 Lysander
1042 923 1265 1024 praesset
1185 963 1222 1004 us
1243 987 1310 1034 gu„
1266 932 1420 1032 Ἥᾊ,

135 1046 298 1110 celassis
289 1068 324 1109 ιιι
346 1046 432 1110 bello
455 1047 558 1110 multa
581 1047 752 1110 crudeliter
778 1069 936 1131 avareque
962 1047 1092 1111 fecisset
1078 1047 1223 1130 tdeque
1341 1060 1343 1066 '

157 1153 196 1216 iis
219 1152 315 1217 rebus
333 1153 549 1237 suspicaretur
568 1154 608 1217 ad
626 1154 710 1218 cives
730 1175 804 1217 suos
823 1176 890 1218 6666
909 1155 1082 1237 perlatum,
1105 1175 1149 1236 pe
1155 1153 1222 1216 4444
1321 1230 1329 1243 1

157 1282 176 1322 6
207 1259 428 1344 Pharnabazo,
464 1266 499 1325 64
534 1263 577 1327 art
611 1261 735 1344 ephoros
770 1263 831 1326 6464
864 1263 1070 1327 testimouium
1106 1263 1222 1342 daret,

156 1372 275 1449 quauta
287 1369 448 1432 sanctitate
459 1369 570 1432 bettara
581 1369 719 1450 66666664
731 1370 884 1451 sociosque
897 1370 1098 1451 tractavisset,
1114 1369 1223 1448 deque

122 1495 193 1538 roca
215 1494 248 1537 re
270 1479 410 1539 accurate
432 1475 607 1540 scriberet
595 1479 622 1550 t;
652 1495 799 1556 mapsam
821 1476 903 1538 ercc'rrc
926 1476 991 1540 6466
1013 1476 1222 1540 auctoritatem

157 1582 191 1645 46
214 1582 473 1660 cereostatarum.

242 1686 313 1750 Hoc
349 1686 404 1750 ille
444 1687 585 1750 1414646144
571 1691 621 1750 464
660 1687 840 1771 pollicetur
899 1686 1033 1751 Librum
1070 1687 1222 1772 grandem
1256 1713 1332 1814 rippa
1334 1712 1407 1751 64646

157 1794 249 1857 mult'
226 1799 268 1857 446
296 1793 402 1857 verbis
434 1794 620 1877 conscribit,
652 1795 686 1856 in
719 1794 836 1877 quibus
866 1794 999 1857 summis
1029 1816 1102 1857 eum
1132 1778 1288 1857 effertta

136 1900 314 1965 laudibus
358 1898 459 1975 Quem
490 1921 562 1963 cum
595 1900 760 1984 Lysander
790 1900 921 1985 legisset
951 1900 1152 1983 probavisset
1153 1921 1223 1983 que,

123 2006 225 2089 mille,
256 2006 332 2069 dum
361 2006 519 2090 signatur,
550 2007 712 2070 alterum
740 2007 811 2091 pari
834 2007 1055 2091 magnitudine
1079 2010 1112 2068 et
1134 2009 1224 2068 tanta

157 2113 381 2195 similitudine,
404 2116 441 2177 ut
464 2112 601 2176 discerni
624 2135 689 2176 non
712 2117 832 2197 posset,
856 2113 1018 2197 signatum
1042 2112 1223 2203 subiecit,
1294 2116 1319 2180 ’,
1346 2158 1348 2162 ⁴

158 2219 191 2282 in
222 2241 285 2302 quo
316 2219 552 2283 accuratissime
582 2220 650 2284 eius
680 2220 848 2283 avaritiam
876 2219 1107 2303 perfidiamque
1135 2240 1223 2283 accu-

157 2329 290 2390 saverat.
368 2363 370 2366 ·

127 2420 145 2447 '
245 2432 408 2516 Lysander
440 2434 570 2498 domum
604 2455 676 2496 cum
709 2433 855 2516 redisset,
887 2437 1058 2517 postquam
1090 2434 1128 2496 de
1158 2432 1224 2496 suis
1233 2462 1258 2500 1..
1268 2460 1327 2500 wire
1338 2459 1390 2501 sein
1398 2459 1420 2499 a

121 2563 148 2602 ao
157 2541 253 2603 rebus
275 2540 375 2625 gestis
398 2542 483 2626 apud
505 2541 681 2604 maximum
698 2540 945 2625 magistratum,
970 2562 1050 2624 quae
1069 2540 1224 2622 voluerat,
1251 2533 1292 2562 ¹²⁸²
1305 2522 1420 2573 ΛΜΨ

158 2646 251 2728 dixit,
281 2646 458 2710 testimonii
485 2647 556 2712 loeo
576 2647 696 2711 librum
720 2669 739 2710 a
761 2645 968 2709 Pharnabazo
993 2647 1103 2710 datum
1127 2646 1222 2710 tradi-

158 2752 213 2816 dit.
259 2751 354 2815 Hunc
379 2758 540 2817 summoto
563 2752 729 2836 Lysandro
754 2773 825 2816 eum
850 2752 962 2836 ephbri
990 2753 1223 2838 cognovissent,

157 2859 220 2943 ipsi
249 2858 420 2944 legendum
450 2858 613 2922 dederunt.
663 2856 714 2921 Ita
744 2858 799 2921 4116
829 2841 1014 2942 imprudens
1047 2859 1114 2942 ipse
1147 2881 1222 2922 suus

157 2967 220 3031 4644
243 2969 416 3031 aecusator.

1317 1774 1417 1814 61444146.

583 3145 796 3152 ,α’-,ῳ-

75 3264 148 3440 ζ6
530 3370 614 3438 VII.
638 3370 851 3439 Alcibiades.

158 3507 193 3564 A.
212 3504 287 3580 Kap.
307 3510 336 3562 1:
365 3504 422 3562 Die
445 3504 583 3580 Vorzbge
610 3503 672 3561 und
699 3503 807 3562 Fehler
834 3504 885 3562 des
914 3508 949 3562 A.
973 3505 1090 3562 werden
1114 3524 1222 3582 gegen·

214 3594 416 3671 tibergestellt.
466 3597 469 3602 '

157 3703 190 3760 B.
209 3701 285 3778 Kap.
303 3703 423 3760 2-10:
446 3700 507 3758 Der
529 3699 712 3757 Lebenslauf
732 3699 783 3758 des
806 3700 842 3758 A.

215 3784 343 3865 11164)
359 3788 501 3849 2und3:
525 3787 612 3846 Scine
636 3787 754 3865 Jugend
776 3788 837 3846 und
860 3788 924 3846 sein
948 3791 1039 3847 erstes
1062 3790 1143 3848 Amt.

121 3899 148 3937 6ο
214 3872 248 3961 141
267 3879 392 3955 Kap.4:
416 3879 452 3938 A.
475 3877 556 3936 steht
579 3877 634 3935 auf
655 3876 718 3934 seir
705 3879 755 3934 ten
779 3877 831 3934 der
855 3876 1025 3952 Spartaner.

219 3965 343 4044 111644
360 3967 501 4028 tundb:
526 3969 560 4024 A.
584 3967 673 4025 wirkt
695 3967 804 4025 wieder
826 3967 875 4024 4444
897 3967 977 4025 seins
1000 3965 1185 4028 Vaterstadt

215 4051 343 4139 d)K.ap
359 4056 500 4116 146468·
523 4057 569 4133 A,
587 4055 697 4114 wieder
715 4056 878 4132 abgesetzt,
898 4055 984 4114 sucht
998 4056 1054 4112 den
1068 4057 1095 4115 A
1098 4057 1221 4134 thenern

269 4167 305 4206 zu
326 4149 442 4204 44144464.
