2940 4710
222 348 241 411 6
654 341 859 398 nursicus.

222 506 437 590 oppugnando
468 506 586 590 oppido
617 510 789 590 acceperat.
835 504 948 592 Itaque
972 529 1044 570 oum
1068 508 1148 590 ipse
1171 529 1230 590 pro
1255 530 1288 571 se

222 611 326 676 dicere
349 635 415 676 non
437 617 560 697 posset,
583 614 681 677 verba
702 614 990 678 fecerunt'amici.
1033 613 1145 677 Causa
1159 615 1288 699 'cognita

222 719 336 802 capitis
369 719 535 784 absolutus
565 721 702 804 pecunia
733 721 889 784 multatus
921 725 970 784 est
999 742 1098 804 eaque
1128 721 1169 784 lis
1198 722 1287 805 quin-

222 825 377 910 quaginta
418 826 548 890 talentis
589 828 758 891 aestimata
798 832 860 912 est,
901 832 1040 911 quantus
1081 829 1114 891 in
1156 829 1287 892 classem

222 935 369 1019 sumws
401 933 505 997 factus
537 939 614 998 erat.
660 933 753 999 Hanc
783 935 952 1018 pecuniam
985 935 1071 1019 quod
1102 935 1224 999 solvere
1254 936 1310 998 ina

220 1039 406 1122 praesentia
424 1062 490 1104 non
512 1045 654 1125 poterat,
676 1041 711 1104 in
733 1041 862 1105 vincula
883 1041 1013 1124 publica
1036 1042 1197 1105 coniectus
1221 1064 1288 1105 esse

221 1145 330 1228 ibique
351 1146 435 1210 diem
453 1169 638 1231 supremum
658 1147 763 1211 obisse
787 1148 911 1212 dicitur.
948 1146 987 1212 Id
1005 1148 1134 1231 quidem
1154 1152 1287 1231 constat,

221 1251 400 1317 Miltiadem
442 1253 538 1336 paulo
579 1258 654 1338 post
695 1276 734 1316 ex
774 1254 919 1339 vulnere,
961 1255 1047 1338 quod
1088 1255 1128 1318 ad
1168 1254 1287 1318 Parum
1296 1261 1351 1316 489

222 1364 398 1444 acceperat,
421 1365 585 1424 mortuum
608 1383 684 1424 esse.

11 1490 30 1531 r.
50 1491 82 1530 at
102 1493 211 1542 gestarat,
311 1463 344 1532 8.
368 1466 490 1540 Verum
518 1469 579 1531 etsi
609 1468 740 1531 crimine
770 1467 865 1532 Pario
896 1473 945 1532 est
972 1472 1150 1552 accusatus,
1180 1473 1287 1532 tamen
1298 1491 1323 1530 10

11 1552 284 1654 fflhfffficfflalia
307 1595 402 1637 causa
419 1574 483 1637 fuit
502 1558 724 1638 damnationis,
759 1574 908 1658 Namque
926 1573 1138 1638 Athenienses
1156 1580 1288 1658 propter
1301 1609 1345 1662 bis

220 1679 383 1743 Pisistrati
419 1681 634 1764 tyrannidem,
672 1702 752 1764 quae
788 1682 899 1765 paucis
936 1682 1027 1745 annis
1064 1685 1137 1745 ante
1173 1682 1287 1762 fuerat,
1297 1689 1350 1744 510

220 1786 354 1850 nimiam
378 1787 495 1850 civium
519 1808 649 1850 suorum
672 1789 851 1871 potentiam
875 1789 1133 1853 extimescebant.
1169 1787 1287 1851 Miltia-

222 1893 289 1976 deS,
319 1894 457 1956 multum
485 1893 519 1956 in
546 1893 690 1977 imperiis
713 1895 1020 1980 magistratibusque
1042 1900 1199 1978 versatum
1223 1917 1287 1957 non

220 2000 390 2063 videbatur
407 2021 501 2083 posse
520 2022 587 2064 esse
610 2002 799 2085 privatus,
822 2002 1010 2085 praesertim
1030 2024 1102 2065 cum
1122 2006 1322 2065 consuetu-1⁵

222 2106 294 2170 dine
323 2107 364 2169 ad
393 2108 545 2190 imperii
576 2109 784 2191 cupiditatem
812 2108 898 2173 trahi
925 2108 1094 2172 videretur.
1140 2108 1225 2173 Nam
1253 2109 1287 2171 in

222 2211 418 2277 Chersoneso
433 2236 543 2278 omnes
557 2215 640 2298 illos,
659 2237 739 2299 quos
753 2216 964 2299 habitaverat,
982 2237 1081 2279 annos
1099 2220 1286 2299 perpetuam

221 2320 405 2383 obtinuerat
434 2321 685 2385 dominationem
715 2326 933 2406 tyrannusque
964 2323 1070 2386 fuerat
1099 2322 1286 2404 appeHatuS,

221 2427 277 2490 sed
300 2428 410 2490 iustus.
452 2426 649 2491 Potestatem
669 2429 754 2491 enim
777 2450 842 2491 non
864 2429 901 2491 vi
920 2433 989 2492 erat
1008 2431 1208 2511 consecutus,
1231 2428 1286 2490 sed

191 2520 352 2597 'suorum
381 2534 594 2617 voluntate,
622 2556 754 2618 eamque
782 2534 927 2598 bonitate
953 2534 1120 2598 retinebat,
1167 2532 1286 2597 Omnes
1295 2557 1322 2595 ao

221 2644 328 2703 autem
348 2644 380 2703 et
399 2641 548 2704 dicuntur
567 2645 599 2704 et
617 2640 777 2704 habentur
795 2642 936 2724 tyranni,
960 2641 1016 2725 qui
1033 2645 1193 2724 potestate
1211 2644 1286 2704 sunt

220 2751 375 2831 perpetua
398 2749 432 2811 in
455 2770 492 2811 ea
515 2748 658 2831 civitate,
682 2769 763 2830 quae
784 2747 935 2812 libertate
957 2770 1015 2812 usa
1038 2752 1094 2811 est.

11 2877 29 2917 a.
56 2877 98 2916 aas
126 2878 211 2917 iernen
311 2853 374 2918 Sed
403 2856 437 2918 in
466 2853 612 2918 Miltiade
642 2859 711 2918 erat
742 2875 815 2918 cum
844 2877 970 2918 summa
1000 2854 1183 2918 humanitas
1215 2857 1284 2914 tum

11 2941 212 3053 fflmssjhtfssss
220 2961 302 3024 mira
332 2962 557 3045 communitas,
587 2967 624 3024 ut
653 2983 747 3024 nemo
775 2965 841 3023 tam
867 2960 1000 3023 humilis
1027 2964 1122 3042 esset,
1146 2959 1197 3022 cui
1220 2981 1285 3022 non

65 3067 144 3116 ⁸⁰¹’02
221 3068 261 3130 ad
293 3089 365 3131 eum
398 3068 504 3131 aditus
535 3071 672 3150 pateret,
704 3088 821 3151 magna
853 3066 1026 3130 auctoritas
1058 3066 1143 3148 apud
1175 3087 1320 3130 omnesas

221 3173 380 3257 civitates
403 3174 511 3237 nobile
534 3195 664 3256 nomen,
687 3172 757 3235 laus
780 3173 826 3236 rei
845 3173 994 3236 militaris
1013 3173 1160 3237 maxima.
1197 3172 1285 3236 Haec

219 3281 359 3365 populus
386 3281 558 3364 respiciens
585 3281 700 3344 maluit
729 3279 838 3344 illum
866 3280 1033 3344 innoxium
1062 3280 1161 3364 plecti
1189 3303 1284 3364 quarn

221 3410 260 3452 se
285 3388 404 3451 diutius
428 3409 495 3451 esse
518 3388 552 3450 in
575 3388 699 3451 timore.
