2940 4710
270 368 314 430 42
702 359 909 416 1319111113.

62 551 263 601 aeneasannos,
360 525 520 610 Magnae
557 548 650 608 saepe
687 548 737 588 res
773 547 838 588 non
872 526 917 588 ita
949 525 1096 609 magnis
1129 525 1230 607 copiis
1263 529 1338 588 sunt

85 614 229 725 fflssffigffir'
272 637 393 717 gestae,
417 632 471 695 sed
494 635 638 714 profecto
663 655 838 716 numquam
862 632 902 695 ab
922 637 988 695 tam
1008 633 1097 695 tenui
1116 632 1209 704 initio
1229 635 1338 694 tantae

272 761 348 822 opes
371 743 446 802 sunt
468 739 667 824 profligatae.
712 739 798 803 Nam
822 739 988 802 duodecim
1009 738 1238 801 adulescentuli
1258 739 1338 801 coie-

271 851 347 909 runt
383 868 422 908 ex
459 847 512 929 iis,
550 846 605 930 qui
638 845 750 909 exsilio
788 850 879 909 erant
915 845 1059 928 multati,
1097 867 1169 908 cum
1206 845 1337 908 omnino

271 976 335 1016 non
363 958 469 1016 essent
496 953 634 1036 amplius
662 956 803 1034 centurn,
834 952 890 1035 qui
912 956 1003 1015 tanto
1027 975 1060 1014 se
1085 952 1235 1014 offerrent
1257 952 1362 1034 peri-⁵

271 1060 351 1123 culo.
416 1059 485 1135 Qua
529 1060 690 1143 paucitate
735 1058 881 1142 perculsa
926 1062 974 1121 est
1014 1057 1338 1122 Lacedaemoniorum

270 1167 423 1249 potentia.
460 1165 488 1230 Ii
507 1167 592 1229 enim
611 1188 675 1228 non
694 1167 797 1250 magis
816 1165 1070 1228 adversariorum
1089 1165 1222 1228 factioni
1242 1188 1338 1248 quam

271 1273 581 1336 Lacedaemoniis
600 1273 720 1336 bellum
734 1268 932 1355 intulerunt,
952 1272 1015 1354 qui
1035 1294 1072 1334 eo
1091 1276 1235 1355 tempore
1254 1272 1338 1354 prin·

272 1381 357 1463 cipes
389 1385 480 1443 erant
516 1380 617 1442 totius
650 1377 814 1464 Graeciae3
852 1401 988 1462 quorum
1026 1379 1153 1461 imperii
1189 1379 1339 1442 maiestas
1348 1386 1401 1442 un

270 1488 367 1571 paulo
407 1492 482 1570 post
521 1486 688 1550 Leuctrica
728 1498 837 1570 pugna
879 1487 919 1548 ab
961 1485 1023 1548 hoc
1064 1485 1156 1548 initio
1193 1485 1376 1568 perculsam

272 1594 419 1657 concidit.
1243 1676 1246 1680 ι

63 1725 249 1764 oraversenwo-
360 1697 426 1762 llli
457 1700 558 1784 igitur
588 1699 767 1781 duodecim,
801 1720 937 1782 quorum
969 1699 1032 1761 dux
1064 1704 1132 1762 erat
1161 1698 1340 1781 Pelopidae,

62 1787 264 1889 ffifflfflffl
273 1805 410 1870 Athenis
440 1807 592 1888 interdiu,
622 1810 658 1869 ut
688 1806 747 1868 sub
778 1828 945 1888 vesperum
969 1805 1095 1869 Thebas
1118 1809 1249 1888 possent
1270 1827 1339 1888 per-

133 1915 183 1953 b⁰¹³·
273 1913 394 1995 venire,
427 1934 499 1975 cum
527 1913 660 1975 canibus
687 1912 841 1975 venaticis
869 1913 1059 1995 exierunt,
1089 1913 1170 1975 retia
1193 1913 1340 1995 ferentes

273 2020 392 2083 vestitu
411 2019 543 2104 agresti,
568 2041 631 2102 quo
655 2016 778 2082 minore
802 2019 983 2101 suspicione
1007 2020 1068 2083 iter
1090 2019 1239 2082 facerent.
1278 2017 1341 2094 Qui
1351 2043 1376 2082 15

272 2148 344 2189 cum
368 2130 512 2208 tempore
537 2126 620 2209 ipso,
644 2148 708 2209 quo
728 2127 929 2208 studuerant,
952 2127 1184 2210 pervenissent,
1209 2127 1338 2189 domum

273 2232 430 2296 Charonis
454 2233 666 2295 deverterunt.

63 2365 106 2404 nie
123 2364 249 2414 301811119-
361 2336 394 2404 8.
418 2338 490 2401 Hoc
512 2339 583 2402 loco
607 2339 705 2402 libet
728 2340 988 2422 interponere,
1012 2339 1072 2402 etsi
1096 2339 1274 2402 seiunctum
1299 2340 1339 2402 ab

62 2428 98 2466 :eit
116 2428 157 2466 der
174 2428 264 2466 Macht-
452 2446 458 2456 ·
644 2446 649 2457 .
699 2446 704 2457 .
782 2446 787 2458 .
873 2446 878 2458 .
1253 2447 1258 2458 ,
1332 2448 1337 2458 ,

62 2491 121 2529 „W
144 2490 203 2528 ,hd
225 2468 307 2527 ihrre
329 2450 495 2529 proposita
523 2450 584 2529 est,
614 2469 731 2508 11111113
760 2446 905 2509 fiducra
933 2450 1096 2529 quantae
1125 2446 1340 2509 calamrtatr

89 2553 227 2592 Vflf‘l‘fbffl·
273 2553 395 2615 soleat
427 2574 516 2615 esse,
570 2551 655 2615 Nam
687 2552 933 2636 magistratuum
966 2552 1193 2616 Thebanorum
1230 2553 1378 2616 statimne

272 2660 312 2722 ad
340 2682 432 2722 aures
454 2659 600 2743 pervenit
623 2658 748 2722 exsules
771 2659 804 2722 in
828 2660 941 2722 urbem
964 2659 1096 2723 uenisse.
1133 2658 1171 2722 Id
1194 2659 1243 2722 illi
1264 2660 1339 2742 vino

272 2767 437 2850 epulisque
461 2765 569 2828 dediti
584 2784 702 2849 usque
726 2788 767 2829 eo
792 2767 1016 2849 despexerunt,
1047 2767 1165 2830 utrix
1189 2767 1227 2829 de
1250 2771 1341 2830 tanta

271 2896 304 2936 re
325 2876 520 2956 quaererent.
552 2871 710 2957 Accessit,
729 2874 815 2956 quod
835 2874 931 2937 etiam
951 2874 1054 2957 magis
1073 2873 1211 2956 aperiret
1229 2895 1340 2936 eorum

271 2980 472 3042 dementiam.
519 2979 628 3042 Allata
661 2985 709 3042 est
741 2981 827 3042 enim
861 2980 998 3063 epistula
1028 2979 1165 3042 Athenis
1192 2978 1339 3061 Archiae,

272 3087 327 3169 qui
350 3091 420 3149 tum
439 3086 615 3148 maximum
635 3087 860 3171 magistratum
880 3085 999 3149 Thebis
1021 3087 1200 3169 obtinebat,
1224 3085 1258 3148 in
1277 3107 1377 3168 quaro

271 3193 379 3256 omnia
412 3193 449 3255 dc
482 3192 681 3275 profectione
714 3193 860 3256 exsulum
890 3193 1071 3276 ,perscripta
1102 3196 1201 3255 erant.
1252 3191 1340 3267 Quae

271 3321 344 3362 cum
377 3300 441 3362 iam
474 3299 643 3362 accubanti
676 3300 709 3362 in
743 3300 889 3363 convivio
923 3305 1005 3364 esset
1038 3300 1124 3383 data,
1157 3299 1239 3363 sicut
1272 3303 1341 3362 erat

272 3407 410 3492 signata,
443 3407 502 3470 sub
533 3407 702 3490 pulvinum
736 3408 896 3471 subiciens
921 3405 969 3471 ‘in
999 3401 1181 3473 crastinum'
1213 3406 1341 3489 inquit

267 3512 389 3594 ‘differo
420 3535 467 3580 193
498 3508 618 3579 sertas'.
663 3514 709 3577 At
737 3515 786 3577 illi
819 3537 942 3597 91111193,
971 3535 1041 3576 curn
1076 3514 1140 3576 iam
1173 3535 1237 3576 nox
1268 3534 1340 3595 pro-

273 3622 430 3704 cessisset,
471 3621 627 3685 vinolenti
669 3623 708 3685 ab
751 3622 915 3684 exsulibus
956 3621 1035 3683 duce
1071 3619 1225 3702 Pelopida
1266 3625 1379 3683 suntao

272 3728 441 3791 interfecti.

63 3861 106 3900 mo
128 3861 251 3909 surani
363 3834 486 3910 Quibus
509 3836 605 3898 rebus
624 3835 790 3918 9911199113,
813 3835 910 3919 vulgo
930 3835 970 3897 ad
988 3857 1077 3896 arma
1094 3834 1341 3916 libertatemque

62 3924 253 4026 ffe'ffssssssssssfelfssf
255 3945 263 3952 ’
273 3946 400 4025 vocato,
423 3964 487 4005 non
507 3942 611 4006 solum
631 3943 686 4026 qui
710 3943 747 4005 in
766 3942 858 4004 urbe
882 3946 985 4024 erant,
1009 3941 1180 4004 sedetiam
1199 3940 1341 4023 undique

272 4072 315 4112 ex
339 4049 442 4135 agris
466 4053 707 4131 concurrerunt,
730 4048 924 4132 praesidium
953 4047 1278 4111 Lacedaemoniorum
1302 4069 1341 4110 ex

272 4178 342 4220 arce
365 4156 571 4239 pepulerunt,
595 4156 733 4238 patriam
756 4155 921 4219 obsidione
940 4155 1171 4237 liberaverunt,
1195 4158 1341 4218 auctores
1351 4177 1379 4218 33
