<?xml version="1.0" encoding="UTF-8"?>
<!DOCTYPE html PUBLIC "-//W3C//DTD XHTML 1.0 Transitional//EN"
    "http://www.w3.org/TR/xhtml1/DTD/xhtml1-transitional.dtd">
<html xmlns="http://www.w3.org/1999/xhtml" xml:lang="en" lang="en">
 <head>
  <title>
</title>
<meta http-equiv="Content-Type" content="text/html;charset=utf-8" />
  <meta name='ocr-system' content='tesseract 3.04.00' />
  <meta name='ocr-capabilities' content='ocr_page ocr_carea ocr_par ocr_line ocrx_word'/>
</head>
<body>
  <div class='ocr_page' id='page_1' title='image "./descorneliusnep00fggoog_0008.png"; bbox 0 0 2940 4710; ppageno 0'>
   <div class='ocr_carea' id='block_1_1' title="bbox 536 1175 785 1242">
    <p class='ocr_par' dir='ltr' id='par_1_1' title="bbox 536 1175 785 1242">
     <span class='ocr_line' id='line_1_1' title="bbox 536 1175 785 1242; baseline 0.012 -3"><span class='ocrx_word' id='word_1_1' title='bbox 536 1175 569 1241; x_wconf 91' lang='grc' dir='ltr'>Ι.</span> <span class='ocrx_word' id='word_1_2' title='bbox 592 1175 785 1242; x_wconf 76' lang='lat' dir='ltr'><strong>Miltiades.</strong></span> 
     </span>
    </p>
   </div>
   <div class='ocr_carea' id='block_1_2' title="bbox 127 1321 1193 1472">
    <p class='ocr_par' dir='ltr' id='par_1_2' title="bbox 127 1321 1193 1472">
     <span class='ocr_line' id='line_1_2' title="bbox 127 1321 1193 1398; baseline 0.005 -18"><span class='ocrx_word' id='word_1_3' title='bbox 127 1324 165 1382; x_wconf 90' lang='lat' dir='ltr'>A.</span> <span class='ocrx_word' id='word_1_4' title='bbox 187 1323 325 1398; x_wconf 86' lang='lat' dir='ltr'><strong>Kap.1.:</strong></span> <span class='ocrx_word' id='word_1_5' title='bbox 356 1323 452 1380; x_wconf 90' lang='lat' dir='ltr'>Unter</span> <span class='ocrx_word' id='word_1_6' title='bbox 481 1324 548 1380; x_wconf 91' lang='lat' dir='ltr'>dem</span> <span class='ocrx_word' id='word_1_7' title='bbox 579 1321 684 1381; x_wconf 90' lang='lat' dir='ltr'>Oheim</span> <span class='ocrx_word' id='word_1_8' title='bbox 718 1325 769 1382; x_wconf 92' lang='lat' dir='ltr'>des</span> <span class='ocrx_word' id='word_1_9' title='bbox 798 1326 948 1384; x_wconf 76' lang='lat' dir='ltr'>Miltiades</span> <span class='ocrx_word' id='word_1_10' title='bbox 980 1325 1116 1384; x_wconf 89' lang='lat' dir='ltr'>besetzen</span> <span class='ocrx_word' id='word_1_11' title='bbox 1146 1327 1193 1385; x_wconf 93' lang='lat' dir='ltr'>die</span> 
     </span>
     <span class='ocr_line' id='line_1_3' title="bbox 189 1411 807 1472; baseline 0.003 -3"><span class='ocrx_word' id='word_1_12' title='bbox 189 1413 323 1470; x_wconf 83' lang='lat' dir='ltr'>Athener</span> <span class='ocrx_word' id='word_1_13' title='bbox 346 1413 402 1470; x_wconf 87' lang='lat' dir='ltr'>den</span> <span class='ocrx_word' id='word_1_14' title='bbox 425 1413 612 1470; x_wconf 88' lang='lat' dir='ltr'>thracischen</span> <span class='ocrx_word' id='word_1_15' title='bbox 636 1411 807 1472; x_wconf 73' lang='lat' dir='ltr'>Chersones.</span> 
     </span>
    </p>
   </div>
   <div class='ocr_carea' id='block_1_3' title="bbox 92 1518 1192 2130">
    <p class='ocr_par' dir='ltr' id='par_1_3' title="bbox 92 1518 1192 2130">
     <span class='ocr_line' id='line_1_4' title="bbox 126 1518 771 1597; baseline 0.005 -22"><span class='ocrx_word' id='word_1_16' title='bbox 126 1518 161 1576; x_wconf 95' lang='lat' dir='ltr'>B.</span> <span class='ocrx_word' id='word_1_17' title='bbox 184 1518 260 1593; x_wconf 87' lang='lat' dir='ltr'>Kap.</span> <span class='ocrx_word' id='word_1_18' title='bbox 282 1522 381 1578; x_wconf 82' lang='lat'>2-7:</span> <span class='ocrx_word' id='word_1_19' title='bbox 404 1518 477 1578; x_wconf 87' lang='lat' dir='ltr'>Was</span> <span class='ocrx_word' id='word_1_20' title='bbox 500 1520 554 1577; x_wconf 89' lang='lat' dir='ltr'>hat</span> <span class='ocrx_word' id='word_1_21' title='bbox 576 1520 615 1577; x_wconf 92' lang='lat' dir='ltr'>M.</span> <span class='ocrx_word' id='word_1_22' title='bbox 639 1519 771 1597; x_wconf 80' lang='lat' dir='ltr'>gethan?</span> 
     </span>
     <span class='ocr_line' id='line_1_5' title="bbox 104 1601 1192 1689; baseline 0.006 -25"><span class='ocrx_word' id='word_1_23' title='bbox 104 1625 117 1664; x_wconf 84' lang='lat' dir='ltr'>s</span> <span class='ocrx_word' id='word_1_24' title='bbox 190 1601 222 1689; x_wconf 91' lang='lat' dir='ltr'>a)</span> <span class='ocrx_word' id='word_1_25' title='bbox 244 1607 320 1683; x_wconf 90' lang='lat' dir='ltr'>Kap.</span> <span class='ocrx_word' id='word_1_26' title='bbox 342 1611 374 1666; x_wconf 83' lang='lat'>2:</span> <span class='ocrx_word' id='word_1_27' title='bbox 402 1608 441 1668; x_wconf 90' lang='lat' dir='ltr'>M.</span> <span class='ocrx_word' id='word_1_28' title='bbox 467 1607 583 1666; x_wconf 87' lang='lat' dir='ltr'>erobert</span> <span class='ocrx_word' id='word_1_29' title='bbox 610 1608 747 1668; x_wconf 82' lang='lat' dir='ltr'>Lemnus</span> <span class='ocrx_word' id='word_1_30' title='bbox 792 1609 868 1685; x_wconf 90' lang='lat' dir='ltr'>Kap.</span> <span class='ocrx_word' id='word_1_31' title='bbox 890 1614 922 1670; x_wconf 85' lang='lat'>3:</span> <span class='ocrx_word' id='word_1_32' title='bbox 950 1609 990 1669; x_wconf 87' lang='lat' dir='ltr'>M.</span> <span class='ocrx_word' id='word_1_33' title='bbox 1019 1611 1105 1669; x_wconf 85' lang='lat' dir='ltr'>sucht</span> <span class='ocrx_word' id='word_1_34' title='bbox 1136 1612 1192 1670; x_wconf 88' lang='lat' dir='ltr'>den</span> 
     </span>
     <span class='ocr_line' id='line_1_6' title="bbox 242 1697 704 1775; baseline 0.009 -21"><span class='ocrx_word' id='word_1_35' title='bbox 242 1697 440 1775; x_wconf 76' lang='lat' dir='ltr'>Perserhdnig</span> <span class='ocrx_word' id='word_1_36' title='bbox 465 1718 500 1755; x_wconf 90' lang='lat' dir='ltr'>zu</span> <span class='ocrx_word' id='word_1_37' title='bbox 522 1698 704 1758; x_wconf 84' lang='lat' dir='ltr'>vemichten.</span> 
     </span>
     <span class='ocr_line' id='line_1_7' title="bbox 184 1781 1192 1864; baseline 0.004 -22"><span class='ocrx_word' id='word_1_38' title='bbox 184 1781 217 1862; x_wconf 89' lang='lat' dir='ltr'>b)</span> <span class='ocrx_word' id='word_1_39' title='bbox 241 1786 317 1860; x_wconf 88' lang='lat' dir='ltr'>Kap.</span> <span class='ocrx_word' id='word_1_40' title='bbox 338 1791 357 1844; x_wconf 93' lang='grc'>4</span> <span class='ocrx_word' id='word_1_41' title='bbox 380 1787 442 1844; x_wconf 92' lang='lat' dir='ltr'>und</span> <span class='ocrx_word' id='word_1_42' title='bbox 466 1791 500 1846; x_wconf 87' lang='lat'>5:</span> <span class='ocrx_word' id='word_1_43' title='bbox 529 1786 568 1847; x_wconf 93' lang='lat' dir='ltr'>M.</span> <span class='ocrx_word' id='word_1_44' title='bbox 598 1787 713 1864; x_wconf 70' lang='lat' dir='ltr'>sehldgt</span> <span class='ocrx_word' id='word_1_45' title='bbox 740 1788 788 1844; x_wconf 89' lang='lat' dir='ltr'>die</span> <span class='ocrx_word' id='word_1_46' title='bbox 812 1787 917 1845; x_wconf 88' lang='lat' dir='ltr'>Perser</span> <span class='ocrx_word' id='word_1_47' title='bbox 944 1787 994 1845; x_wconf 90' lang='lat' dir='ltr'>bei</span> <span class='ocrx_word' id='word_1_48' title='bbox 1020 1788 1192 1861; x_wconf 68' lang='lat' dir='ltr'>Marathon,</span> 
     </span>
     <span class='ocr_line' id='line_1_8' title="bbox 240 1875 911 1949; baseline 0.004 -18"><span class='ocrx_word' id='word_1_49' title='bbox 240 1875 317 1949; x_wconf 89' lang='lat' dir='ltr'>Kap.</span> <span class='ocrx_word' id='word_1_50' title='bbox 338 1879 370 1934; x_wconf 85' lang='lat'>6:</span> <span class='ocrx_word' id='word_1_51' title='bbox 393 1876 450 1932; x_wconf 89' lang='lat' dir='ltr'>Die</span> <span class='ocrx_word' id='word_1_52' title='bbox 473 1877 607 1934; x_wconf 87' lang='lat' dir='ltr'>Athener</span> <span class='ocrx_word' id='word_1_53' title='bbox 630 1877 718 1933; x_wconf 91' lang='lat' dir='ltr'>ehren</span> <span class='ocrx_word' id='word_1_54' title='bbox 740 1877 793 1933; x_wconf 91' lang='lat' dir='ltr'>ihn</span> <span class='ocrx_word' id='word_1_55' title='bbox 816 1876 911 1934; x_wconf 84' lang='lat' dir='ltr'>dafiir.</span> 
     </span>
     <span class='ocr_line' id='line_1_9' title="bbox 187 1956 1191 2044; baseline 0.003 -23"><span class='ocrx_word' id='word_1_56' title='bbox 187 1956 217 2044; x_wconf 84' lang='lat' dir='ltr'>c)</span> <span class='ocrx_word' id='word_1_57' title='bbox 238 1963 314 2039; x_wconf 91' lang='lat' dir='ltr'>Kap.</span> <span class='ocrx_word' id='word_1_58' title='bbox 336 1967 369 2023; x_wconf 80' lang='lat'>7:</span> <span class='ocrx_word' id='word_1_59' title='bbox 400 1965 440 2024; x_wconf 94' lang='lat' dir='ltr'>M.</span> <span class='ocrx_word' id='word_1_60' title='bbox 464 1965 550 2023; x_wconf 84' lang='lat' dir='ltr'>sucht</span> <span class='ocrx_word' id='word_1_61' title='bbox 577 1965 634 2022; x_wconf 88' lang='lat' dir='ltr'>den</span> <span class='ocrx_word' id='word_1_62' title='bbox 661 1965 787 2023; x_wconf 84' lang='lat' dir='ltr'>Persem</span> <span class='ocrx_word' id='word_1_63' title='bbox 810 1966 858 2023; x_wconf 85' lang='lat' dir='ltr'>dic</span> <span class='ocrx_word' id='word_1_64' title='bbox 882 1964 1035 2040; x_wconf 82' lang='lat' dir='ltr'>Gykladen</span> <span class='ocrx_word' id='word_1_65' title='bbox 1064 1986 1099 2024; x_wconf 88' lang='lat' dir='ltr'>zu</span> <span class='ocrx_word' id='word_1_66' title='bbox 1128 1969 1191 2024; x_wconf 89' lang='lat' dir='ltr'>ent·</span> 
     </span>
     <span class='ocr_line' id='line_1_10' title="bbox 92 2051 1000 2130; baseline 0.006 -23"><span class='ocrx_word' id='word_1_67' title='bbox 92 2069 117 2107; x_wconf 86' lang='lat'>10</span> <span class='ocrx_word' id='word_1_68' title='bbox 236 2051 342 2111; x_wconf 88' lang='lat' dir='ltr'>reissen</span> <span class='ocrx_word' id='word_1_69' title='bbox 363 2055 426 2112; x_wconf 92' lang='lat' dir='ltr'>und</span> <span class='ocrx_word' id='word_1_70' title='bbox 449 2054 537 2111; x_wconf 90' lang='lat' dir='ltr'>endet</span> <span class='ocrx_word' id='word_1_71' title='bbox 560 2054 709 2111; x_wconf 89' lang='lat' dir='ltr'>schuldlos</span> <span class='ocrx_word' id='word_1_72' title='bbox 731 2054 774 2112; x_wconf 92' lang='lat' dir='ltr'>im</span> <span class='ocrx_word' id='word_1_73' title='bbox 798 2053 1000 2130; x_wconf 76' lang='lat' dir='ltr'>Gefangnisse.</span> 
     </span>
    </p>
   </div>
   <div class='ocr_carea' id='block_1_4' title="bbox 126 2157 1191 2325">
    <p class='ocr_par' dir='ltr' id='par_1_4' title="bbox 126 2157 1191 2325">
     <span class='ocr_line' id='line_1_11' title="bbox 126 2157 1191 2236; baseline 0.002 -20"><span class='ocrx_word' id='word_1_74' title='bbox 126 2157 157 2216; x_wconf 84' lang='lat' dir='ltr'>C.</span> <span class='ocrx_word' id='word_1_75' title='bbox 181 2159 257 2234; x_wconf 86' lang='lat' dir='ltr'>Kap.</span> <span class='ocrx_word' id='word_1_76' title='bbox 278 2162 311 2218; x_wconf 88' lang='lat'>8:</span> <span class='ocrx_word' id='word_1_77' title='bbox 334 2160 426 2218; x_wconf 88' lang='lat' dir='ltr'>Nicht</span> <span class='ocrx_word' id='word_1_78' title='bbox 445 2160 530 2236; x_wconf 80' lang='lat' dir='ltr'>eigne</span> <span class='ocrx_word' id='word_1_79' title='bbox 550 2159 673 2234; x_wconf 83' lang='lat' dir='ltr'>Schuld,</span> <span class='ocrx_word' id='word_1_80' title='bbox 698 2161 824 2218; x_wconf 86' lang='lat' dir='ltr'>sondern</span> <span class='ocrx_word' id='word_1_81' title='bbox 842 2161 921 2218; x_wconf 89' lang='lat' dir='ltr'>Neid</span> <span class='ocrx_word' id='word_1_82' title='bbox 943 2162 1006 2219; x_wconf 93' lang='lat' dir='ltr'>und</span> <span class='ocrx_word' id='word_1_83' title='bbox 1021 2162 1191 2236; x_wconf 84' lang='lat' dir='ltr'>Tyrannen-</span> 
     </span>
     <span class='ocr_line' id='line_1_12' title="bbox 183 2249 628 2325; baseline 0.002 -20"><span class='ocrx_word' id='word_1_84' title='bbox 183 2249 283 2306; x_wconf 85' lang='lat' dir='ltr'>furth</span> <span class='ocrx_word' id='word_1_85' title='bbox 305 2249 403 2307; x_wconf 89' lang='lat' dir='ltr'>haben</span> <span class='ocrx_word' id='word_1_86' title='bbox 424 2249 465 2308; x_wconf 86' lang='lat' dir='ltr'>M.</span> <span class='ocrx_word' id='word_1_87' title='bbox 489 2251 628 2325; x_wconf 79' lang='lat' dir='ltr'>gesttirzt.</span> 
     </span>
    </p>
   </div>
   <div class='ocr_carea' id='block_1_5' title="bbox 60 2400 1414 2699">
    <p class='ocr_par' dir='ltr' id='par_1_5' title="bbox 60 2400 1414 2699">
     <span class='ocr_line' id='line_1_13' title="bbox 214 2400 1383 2487; baseline 0.003 -19"><span class='ocrx_word' id='word_1_88' title='bbox 214 2400 245 2468; x_wconf 88' lang='lat'>1.</span> <span class='ocrx_word' id='word_1_89' title='bbox 267 2402 443 2486; x_wconf 74' lang='lat' dir='ltr'>Miltiades,</span> <span class='ocrx_word' id='word_1_90' title='bbox 472 2401 616 2467; x_wconf 79' lang='lat' dir='ltr'>Cimonis</span> <span class='ocrx_word' id='word_1_91' title='bbox 639 2403 740 2486; x_wconf 84' lang='lat' dir='ltr'>filius,</span> <span class='ocrx_word' id='word_1_92' title='bbox 767 2402 975 2467; x_wconf 79' lang='lat' dir='ltr'>Atheniensis</span> <span class='ocrx_word' id='word_1_93' title='bbox 998 2408 1030 2468; x_wconf 87' lang='lat' dir='ltr'>et</span> <span class='ocrx_word' id='word_1_94' title='bbox 1053 2405 1189 2487; x_wconf 89' lang='lat' dir='ltr'>antiqui·</span> <span class='ocrx_word' id='word_1_95' title='bbox 1222 2430 1265 2469; x_wconf 72' lang='lat' dir='ltr'>ose</span> <span class='ocrx_word' id='word_1_96' title='bbox 1279 2430 1383 2470; x_wconf 71' lang='lat' dir='ltr'>senemr</span> 
     </span>
     <span class='ocr_line' id='line_1_14' title="bbox 125 2493 1414 2603; baseline 0.002 -31"><span class='ocrx_word' id='word_1_97' title='bbox 125 2513 191 2572; x_wconf 89' lang='lat' dir='ltr'>tate</span> <span class='ocrx_word' id='word_1_98' title='bbox 221 2511 346 2594; x_wconf 85' lang='lat' dir='ltr'>generis</span> <span class='ocrx_word' id='word_1_99' title='bbox 374 2515 407 2573; x_wconf 92' lang='lat' dir='ltr'>et</span> <span class='ocrx_word' id='word_1_100' title='bbox 434 2509 538 2594; x_wconf 88' lang='lat' dir='ltr'>gloria</span> <span class='ocrx_word' id='word_1_101' title='bbox 560 2510 746 2573; x_wconf 86' lang='lat' dir='ltr'>maiorum</span> <span class='ocrx_word' id='word_1_102' title='bbox 775 2514 808 2573; x_wconf 91' lang='lat' dir='ltr'>et</span> <span class='ocrx_word' id='word_1_103' title='bbox 835 2532 902 2573; x_wconf 89' lang='lat' dir='ltr'>sua</span> <span class='ocrx_word' id='word_1_104' title='bbox 924 2511 1081 2574; x_wconf 89' lang='lat' dir='ltr'>modestia</span> <span class='ocrx_word' id='word_1_105' title='bbox 1109 2533 1191 2575; x_wconf 89' lang='lat' dir='ltr'>unus</span> <span class='ocrx_word' id='word_1_106' title='bbox 1200 2493 1313 2603; x_wconf 57' lang='lat' dir='ltr'>fflff}</span> <span class='ocrx_word' id='word_1_107' title='bbox 1327 2496 1414 2594; x_wconf 49' lang='lat' dir='ltr'>,iffi</span> 
     </span>
     <span class='ocr_line' id='line_1_15' title="bbox 60 2616 1413 2699; baseline 0.004 -24"><span class='ocrx_word' id='word_1_108' title='bbox 60 2617 269 2678; x_wconf 70' lang='lat' dir='ltr'>tttomnium</span> <span class='ocrx_word' id='word_1_109' title='bbox 301 2617 441 2681; x_wconf 84' lang='lat' dir='ltr'>maxime</span> <span class='ocrx_word' id='word_1_110' title='bbox 472 2616 623 2691; x_wconf 71' lang='lat' dir='ltr'>florebat„</span> <span class='ocrx_word' id='word_1_111' title='bbox 650 2655 692 2662; x_wconf 90' lang='lat'>—</span> <span class='ocrx_word' id='word_1_112' title='bbox 724 2616 887 2680; x_wconf 74' lang='lat' dir='ltr'>Pisistrsti</span> <span class='ocrx_word' id='word_1_113' title='bbox 920 2617 1048 2699; x_wconf 80' lang='lat' dir='ltr'>tyranni</span> <span class='ocrx_word' id='word_1_114' title='bbox 1087 2618 1265 2681; x_wconf 61' lang='lat' dir='ltr'>aetantes</span> <span class='ocrx_word' id='word_1_115' title='bbox 1292 2616 1413 2656; x_wconf 55' lang='lat' dir='ltr'>mm*</span> 
     </span>
    </p>
   </div>
   <div class='ocr_carea' id='block_1_6' title="bbox 89 2672 1456 2805">
    <p class='ocr_par' dir='ltr' id='par_1_6' title="bbox 89 2672 1456 2805">
     <span class='ocr_line' id='line_1_16' title="bbox 1239 2672 1456 2715; baseline 0 -28"><span class='ocrx_word' id='word_1_116' title='bbox 1239 2677 1257 2715; x_wconf 54' lang='grc' dir='ltr'>Β.</span> <span class='ocrx_word' id='word_1_117' title='bbox 1446 2672 1456 2687; x_wconf 88' lang='lat'><strong>.</strong></span> 
     </span>
     <span class='ocr_line' id='line_1_17' title="bbox 89 2676 1413 2805; baseline 0.005 -24"><span class='ocrx_word' id='word_1_118' title='bbox 89 2723 252 2805; x_wconf 67' lang='lat' dir='ltr'>caecidit,</span> <span class='ocrx_word' id='word_1_119' title='bbox 298 2728 334 2786; x_wconf 91' lang='lat' dir='ltr'>ut</span> <span class='ocrx_word' id='word_1_120' title='bbox 366 2721 579 2786; x_wconf 77' lang='lat' dir='ltr'>Athenienses</span> <span class='ocrx_word' id='word_1_121' title='bbox 617 2721 850 2786; x_wconf 76' lang='lat' dir='ltr'>Chersonesum</span> <span class='ocrx_word' id='word_1_122' title='bbox 896 2723 1027 2787; x_wconf 83' lang='lat' dir='ltr'>colonos</span> <span class='ocrx_word' id='word_1_123' title='bbox 1071 2724 1190 2788; x_wconf 88' lang='lat' dir='ltr'>vellent</span> <span class='ocrx_word' id='word_1_124' title='bbox 1200 2676 1413 2781; x_wconf 54' lang='lat' dir='ltr'>dimliiiircisiiii</span> 
     </span>
    </p>
   </div>
   <div class='ocr_carea' id='block_1_7' title="bbox 87 2801 1410 4086">
    <p class='ocr_par' dir='ltr' id='par_1_7' title="bbox 123 2801 1372 3128">
     <span class='ocr_line' id='line_1_18' title="bbox 124 2801 1372 2914; baseline 0.001 -22"><span class='ocrx_word' id='word_1_125' title='bbox 124 2829 261 2892; x_wconf 88' lang='lat' dir='ltr'>mittere.</span> <span class='ocrx_word' id='word_1_126' title='bbox 313 2827 412 2892; x_wconf 81' lang='lat' dir='ltr'>Cuius</span> <span class='ocrx_word' id='word_1_127' title='bbox 442 2829 569 2914; x_wconf 86' lang='lat' dir='ltr'>generis</span> <span class='ocrx_word' id='word_1_128' title='bbox 600 2850 672 2891; x_wconf 89' lang='lat' dir='ltr'>cum</span> <span class='ocrx_word' id='word_1_129' title='bbox 703 2851 839 2914; x_wconf 84' lang='lat' dir='ltr'>magnus</span> <span class='ocrx_word' id='word_1_130' title='bbox 863 2851 1015 2893; x_wconf 89' lang='lat' dir='ltr'>numerus</span> <span class='ocrx_word' id='word_1_131' title='bbox 1046 2834 1129 2893; x_wconf 89' lang='lat' dir='ltr'>esset</span> <span class='ocrx_word' id='word_1_132' title='bbox 1158 2835 1190 2894; x_wconf 92' lang='lat' dir='ltr'>et</span> <span class='ocrx_word' id='word_1_133' title='bbox 1240 2801 1273 2840; x_wconf 72' lang='lat'>⁰¹¹</span> <span class='ocrx_word' id='word_1_134' title='bbox 1275 2812 1372 2842; x_wconf 58' lang='lat'>⁸⁸⁸⁸⁸⁸⁸⁸</span> 
     </span>
     <span class='ocr_line' id='line_1_19' title="bbox 124 2935 1188 3021; baseline 0.003 -24"><span class='ocrx_word' id='word_1_135' title='bbox 124 2936 219 2998; x_wconf 89' lang='lat' dir='ltr'>multi</span> <span class='ocrx_word' id='word_1_136' title='bbox 247 2937 315 2999; x_wconf 89' lang='lat' dir='ltr'>eius</span> <span class='ocrx_word' id='word_1_137' title='bbox 346 2935 589 3021; x_wconf 81' lang='lat' dir='ltr'>demigrationis</span> <span class='ocrx_word' id='word_1_138' title='bbox 616 2939 763 3018; x_wconf 88' lang='lat' dir='ltr'>peterent</span> <span class='ocrx_word' id='word_1_139' title='bbox 785 2935 984 3018; x_wconf 90' lang='lat' dir='ltr'>societatem,</span> <span class='ocrx_word' id='word_1_140' title='bbox 1013 2959 1051 2999; x_wconf 87' lang='lat' dir='ltr'>ex</span> <span class='ocrx_word' id='word_1_141' title='bbox 1075 2936 1115 2999; x_wconf 88' lang='lat' dir='ltr'>iis</span> <span class='ocrx_word' id='word_1_142' title='bbox 1139 2937 1188 3000; x_wconf 87' lang='lat' dir='ltr'>de-</span> 
     </span>
     <span class='ocr_line' id='line_1_20' title="bbox 123 3041 1189 3128; baseline 0.002 -24"><span class='ocrx_word' id='word_1_143' title='bbox 123 3041 199 3105; x_wconf 89' lang='lat' dir='ltr'>lecti</span> <span class='ocrx_word' id='word_1_144' title='bbox 227 3042 372 3125; x_wconf 88' lang='lat' dir='ltr'>Delphos</span> <span class='ocrx_word' id='word_1_145' title='bbox 404 3043 514 3106; x_wconf 89' lang='lat' dir='ltr'>missi</span> <span class='ocrx_word' id='word_1_146' title='bbox 541 3047 644 3126; x_wconf 91' lang='lat' dir='ltr'>sunt,</span> <span class='ocrx_word' id='word_1_147' title='bbox 677 3042 733 3126; x_wconf 91' lang='lat' dir='ltr'>qui</span> <span class='ocrx_word' id='word_1_148' title='bbox 766 3041 968 3105; x_wconf 82' lang='lat' dir='ltr'>consulerent</span> <span class='ocrx_word' id='word_1_149' title='bbox 995 3042 1189 3128; x_wconf 80' lang='lat' dir='ltr'>Apollinem,</span> 
     </span>
    </p>

    <p class='ocr_par' dir='ltr' id='par_1_8' title="bbox 89 3148 1190 3658">
     <span class='ocr_line' id='line_1_21' title="bbox 89 3148 1190 3232; baseline 0.005 -24"><span class='ocrx_word' id='word_1_150' title='bbox 89 3169 188 3232; x_wconf 83' lang='lat' dir='ltr'>soquo</span> <span class='ocrx_word' id='word_1_151' title='bbox 211 3149 416 3231; x_wconf 90' lang='lat' dir='ltr'>potissimum</span> <span class='ocrx_word' id='word_1_152' title='bbox 449 3150 528 3212; x_wconf 87' lang='lat' dir='ltr'>duce</span> <span class='ocrx_word' id='word_1_153' title='bbox 556 3153 730 3212; x_wconf 87' lang='lat' dir='ltr'>uterentur.</span> <span class='ocrx_word' id='word_1_154' title='bbox 779 3148 929 3232; x_wconf 85' lang='lat' dir='ltr'>Namque</span> <span class='ocrx_word' id='word_1_155' title='bbox 957 3152 1027 3212; x_wconf 92' lang='lat' dir='ltr'>tum</span> <span class='ocrx_word' id='word_1_156' title='bbox 1051 3149 1190 3213; x_wconf 86' lang='lat' dir='ltr'>Thraces</span> 
     </span>
     <span class='ocr_line' id='line_1_22' title="bbox 123 3255 1189 3340; baseline 0.003 -23"><span class='ocrx_word' id='word_1_157' title='bbox 123 3277 176 3319; x_wconf 89' lang='lat' dir='ltr'>eas</span> <span class='ocrx_word' id='word_1_158' title='bbox 196 3255 343 3340; x_wconf 84' lang='lat' dir='ltr'>regiones</span> <span class='ocrx_word' id='word_1_159' title='bbox 362 3256 526 3338; x_wconf 85' lang='lat' dir='ltr'>tenebant,</span> <span class='ocrx_word' id='word_1_160' title='bbox 550 3255 742 3338; x_wconf 77' lang='lat' dir='ltr'>quibuscum</span> <span class='ocrx_word' id='word_1_161' title='bbox 761 3256 859 3317; x_wconf 88' lang='lat' dir='ltr'>armis</span> <span class='ocrx_word' id='word_1_162' title='bbox 877 3258 947 3318; x_wconf 88' lang='lat' dir='ltr'>erat</span> <span class='ocrx_word' id='word_1_163' title='bbox 966 3255 1189 3320; x_wconf 86' lang='lat' dir='ltr'>dimicandum.</span> 
     </span>
     <span class='ocr_line' id='line_1_23' title="bbox 124 3359 1189 3448; baseline 0.005 -25"><span class='ocrx_word' id='word_1_164' title='bbox 124 3359 374 3426; x_wconf 80' lang='lat' dir='ltr'>Consulentibus</span> <span class='ocrx_word' id='word_1_165' title='bbox 398 3361 588 3425; x_wconf 86' lang='lat' dir='ltr'>nominatim</span> <span class='ocrx_word' id='word_1_166' title='bbox 611 3360 731 3443; x_wconf 77' lang='lat' dir='ltr'>Pythia</span> <span class='ocrx_word' id='word_1_167' title='bbox 753 3361 929 3444; x_wconf 89' lang='lat' dir='ltr'>praecepit,</span> <span class='ocrx_word' id='word_1_168' title='bbox 951 3367 988 3425; x_wconf 83' lang='lat' dir='ltr'>ut</span> <span class='ocrx_word' id='word_1_169' title='bbox 1004 3363 1189 3448; x_wconf 80' lang='lat' dir='ltr'>Miltiadem,</span> 
     </span>
     <span class='ocr_line' id='line_1_24' title="bbox 123 3467 1188 3552; baseline 0 -18"><span class='ocrx_word' id='word_1_170' title='bbox 123 3467 244 3552; x_wconf 70' lang='lat' dir='ltr'>cypeto·</span> <span class='ocrx_word' id='word_1_171' title='bbox 266 3470 384 3552; x_wconf 69' lang='lat' dir='ltr'>titum,</span> <span class='ocrx_word' id='word_1_172' title='bbox 412 3470 627 3551; x_wconf 78' lang='lat' dir='ltr'>imperatorem</span> <span class='ocrx_word' id='word_1_173' title='bbox 653 3468 713 3533; x_wconf 77' lang='lat' dir='ltr'>sibi</span> <span class='ocrx_word' id='word_1_174' title='bbox 734 3473 902 3533; x_wconf 81' lang='lat' dir='ltr'>sumerent:</span> <span class='ocrx_word' id='word_1_175' title='bbox 930 3468 964 3532; x_wconf 76' lang='lat' dir='ltr'>m</span> <span class='ocrx_word' id='word_1_176' title='bbox 988 3469 1017 3533; x_wconf 81' lang='lat' dir='ltr'>st</span> <span class='ocrx_word' id='word_1_177' title='bbox 1037 3468 1188 3552; x_wconf 78' lang='lat' dir='ltr'>fecissent,</span> 
     </span>
     <span class='ocr_line' id='line_1_25' title="bbox 122 3573 1187 3658; baseline 0.002 -20"><span class='ocrx_word' id='word_1_178' title='bbox 122 3577 243 3658; x_wconf 75' lang='lat' dir='ltr'>incepto</span> <span class='ocrx_word' id='word_1_179' title='bbox 266 3595 414 3658; x_wconf 80' lang='lat' dir='ltr'>prospero</span> <span class='ocrx_word' id='word_1_180' title='bbox 440 3575 558 3654; x_wconf 80' lang='lat' dir='ltr'>futuru.</span> <span class='ocrx_word' id='word_1_181' title='bbox 604 3573 676 3638; x_wconf 91' lang='lat' dir='ltr'>Hoc</span> <span class='ocrx_word' id='word_1_182' title='bbox 699 3573 821 3637; x_wconf 89' lang='lat' dir='ltr'>oraculi</span> <span class='ocrx_word' id='word_1_183' title='bbox 848 3595 1001 3656; x_wconf 87' lang='lat' dir='ltr'>responso</span> <span class='ocrx_word' id='word_1_184' title='bbox 1024 3573 1187 3640; x_wconf 84' lang='lat' dir='ltr'>Miltiades</span> 
     </span>
    </p>

    <p class='ocr_par' dir='ltr' id='par_1_9' title="bbox 87 3680 1114 3764">
     <span class='ocr_line' id='line_1_26' title="bbox 87 3680 1114 3764; baseline 0.004 -23"><span class='ocrx_word' id='word_1_185' title='bbox 87 3703 195 3744; x_wconf 73' lang='lat' dir='ltr'>escum</span> <span class='ocrx_word' id='word_1_186' title='bbox 220 3682 341 3745; x_wconf 84' lang='lat' dir='ltr'>delecta</span> <span class='ocrx_word' id='word_1_187' title='bbox 364 3703 462 3745; x_wconf 90' lang='lat' dir='ltr'>manu</span> <span class='ocrx_word' id='word_1_188' title='bbox 487 3681 588 3745; x_wconf 87' lang='lat' dir='ltr'>classe</span> <span class='ocrx_word' id='word_1_189' title='bbox 612 3680 846 3744; x_wconf 74' lang='lat' dir='ltr'>Chersonesum</span> <span class='ocrx_word' id='word_1_190' title='bbox 868 3681 1033 3764; x_wconf 86' lang='lat' dir='ltr'>profectus</span> <span class='ocrx_word' id='word_1_191' title='bbox 1058 3686 1114 3745; x_wconf 89' lang='lat' dir='ltr'>est.</span> 
     </span>
    </p>

    <p class='ocr_par' dir='ltr' id='par_1_10' title="bbox 210 3786 1410 3870">
     <span class='ocr_line' id='line_1_27' title="bbox 210 3786 1410 3870; baseline 0.003 -19"><span class='ocrx_word' id='word_1_192' title='bbox 210 3786 262 3851; x_wconf 90' lang='lat' dir='ltr'>lbi</span> <span class='ocrx_word' id='word_1_193' title='bbox 289 3789 379 3851; x_wconf 82' lang='lat' dir='ltr'>brevi</span> <span class='ocrx_word' id='word_1_194' title='bbox 406 3792 550 3870; x_wconf 89' lang='lat' dir='ltr'>tempore</span> <span class='ocrx_word' id='word_1_195' title='bbox 573 3788 784 3851; x_wconf 87' lang='lat' dir='ltr'>barbarorum</span> <span class='ocrx_word' id='word_1_196' title='bbox 808 3787 908 3870; x_wconf 91' lang='lat' dir='ltr'>copiis</span> <span class='ocrx_word' id='word_1_197' title='bbox 932 3786 1086 3870; x_wconf 91' lang='lat' dir='ltr'>disiectis,</span> <span class='ocrx_word' id='word_1_198' title='bbox 1117 3791 1241 3853; x_wconf 69' lang='lat' dir='ltr'>totenes</span> <span class='ocrx_word' id='word_1_199' title='bbox 1256 3815 1410 3854; x_wconf 66' lang='lat' dir='ltr'>sisemun-</span> 
     </span>
    </p>

    <p class='ocr_par' dir='ltr' id='par_1_11' title="bbox 121 3875 1410 4086">
     <span class='ocr_line' id='line_1_28' title="bbox 122 3875 1410 3980; baseline 0.001 -23"><span class='ocrx_word' id='word_1_200' title='bbox 122 3895 265 3980; x_wconf 83' lang='lat' dir='ltr'>regione,</span> <span class='ocrx_word' id='word_1_201' title='bbox 286 3917 382 3978; x_wconf 87' lang='lat' dir='ltr'>quam</span> <span class='ocrx_word' id='word_1_202' title='bbox 400 3895 550 3978; x_wconf 85' lang='lat' dir='ltr'>petierat,</span> <span class='ocrx_word' id='word_1_203' title='bbox 564 3894 701 3976; x_wconf 90' lang='lat' dir='ltr'>potitus,</span> <span class='ocrx_word' id='word_1_204' title='bbox 723 3893 795 3956; x_wconf 89' lang='lat' dir='ltr'>loca</span> <span class='ocrx_word' id='word_1_205' title='bbox 814 3893 951 3956; x_wconf 82' lang='lat' dir='ltr'>castellis</span> <span class='ocrx_word' id='word_1_206' title='bbox 970 3893 1084 3957; x_wconf 89' lang='lat' dir='ltr'>idonea</span> <span class='ocrx_word' id='word_1_207' title='bbox 1103 3875 1410 3979; x_wconf 50' lang='lat' dir='ltr'>eom-“⁸⁶⁰⁸ss&#39;gisssshtm·</span> 
     </span>
     <span class='ocr_line' id='line_1_29' title="bbox 121 4000 1185 4086; baseline 0 -22"><span class='ocrx_word' id='word_1_208' title='bbox 121 4002 251 4086; x_wconf 80' lang='lat' dir='ltr'>muniit3</span> <span class='ocrx_word' id='word_1_209' title='bbox 270 4001 523 4083; x_wconf 88' lang='lat' dir='ltr'>multitudinem,</span> <span class='ocrx_word' id='word_1_210' title='bbox 543 4022 640 4084; x_wconf 91' lang='lat' dir='ltr'>quam</span> <span class='ocrx_word' id='word_1_211' title='bbox 653 4021 760 4063; x_wconf 89' lang='lat' dir='ltr'>secum</span> <span class='ocrx_word' id='word_1_212' title='bbox 776 4000 922 4082; x_wconf 85' lang='lat' dir='ltr'>duxerat,</span> <span class='ocrx_word' id='word_1_213' title='bbox 941 4000 975 4063; x_wconf 92' lang='lat' dir='ltr'>in</span> <span class='ocrx_word' id='word_1_214' title='bbox 990 4000 1075 4084; x_wconf 85' lang='lat' dir='ltr'>agris</span> <span class='ocrx_word' id='word_1_215' title='bbox 1091 4001 1185 4064; x_wconf 90' lang='lat' dir='ltr'>collo-</span> 
     </span>
    </p>
   </div>
   <div class='ocr_carea' id='block_1_8' title="bbox 43 4098 1186 4193">
    <p class='ocr_par' dir='ltr' id='par_1_12' title="bbox 43 4098 1186 4193">
     <span class='ocr_line' id='line_1_30' title="bbox 43 4098 1186 4193; baseline 0 -23"><span class='ocrx_word' id='word_1_216' title='bbox 43 4158 69 4193; x_wconf 66' lang='grc'>,</span> <span class='ocrx_word' id='word_1_217' title='bbox 122 4109 207 4171; x_wconf 89' lang='lat' dir='ltr'>cavit</span> <span class='ocrx_word' id='word_1_218' title='bbox 230 4107 412 4191; x_wconf 88' lang='lat' dir='ltr'>crebrisque</span> <span class='ocrx_word' id='word_1_219' title='bbox 436 4107 676 4187; x_wconf 76' lang='lat' dir='ltr'>excursionibus</span> <span class='ocrx_word' id='word_1_220' title='bbox 699 4105 915 4188; x_wconf 78' lang='lat' dir='ltr'>locupletavit.</span> <span class='ocrx_word' id='word_1_221' title='bbox 943 4104 1056 4190; x_wconf 89' lang='lat' dir='ltr'>Neque</span> <span class='ocrx_word' id='word_1_222' title='bbox 1077 4098 1186 4170; x_wconf 51' lang='lat' dir='ltr'>¹minus</span> 
     </span>
    </p>
   </div>
   <div class='ocr_carea' id='block_1_9' title="bbox 165 4230 980 4281">
    <p class='ocr_par' dir='ltr' id='par_1_13' title="bbox 165 4230 980 4281">
     <span class='ocr_line' id='line_1_31' title="bbox 165 4230 980 4281; baseline -0.005 -11"><span class='ocrx_word' id='word_1_223' title='bbox 165 4232 253 4280; x_wconf 84' lang='lat' dir='ltr'>Nepos,</span> <span class='ocrx_word' id='word_1_224' title='bbox 268 4230 399 4281; x_wconf 82' lang='lat' dir='ltr'>Cornelius,</span> <span class='ocrx_word' id='word_1_225' title='bbox 413 4243 433 4269; x_wconf 89' lang='lat' dir='ltr'>v.</span> <span class='ocrx_word' id='word_1_226' title='bbox 444 4232 549 4281; x_wconf 79' lang='lat' dir='ltr'>Fttgner,</span> <span class='ocrx_word' id='word_1_227' title='bbox 564 4232 629 4269; x_wconf 83' lang='lat' dir='ltr'>Text.</span> <span class='ocrx_word' id='word_1_228' title='bbox 966 4234 980 4279; x_wconf 87' lang='lat'>1</span> 
     </span>
    </p>
   </div>
   <div class='ocr_carea' id='block_1_10' title="bbox 0 0 1474 4710">
    <p class='ocr_par' dir='ltr' id='par_1_14' title="bbox 0 0 1474 4710">
     <span class='ocr_line' id='line_1_32' title="bbox 0 0 1474 4710; baseline 0 0"><span class='ocrx_word' id='word_1_229' title='bbox 0 0 1474 4710; x_wconf 95' lang='lat' dir='ltr'> </span> 
     </span>
    </p>
   </div>
  </div>
 </body>
</html>
