2940 4710
234 360 276 422 (12
562 353 786 406 ALBXANDER
805 353 964 408 MAGNUS.

232 517 388 601 populum
408 518 628 581 coalescerent.
667 515 770 592 Quam
789 519 830 581 ob
854 540 921 580 rem
941 540 995 581 eos
1013 517 1215 601 Macedones,
1236 519 1300 602 qui

234 647 330 708 quam
344 623 485 708 primum
500 624 631 687 domum
645 623 763 687 reverti
778 623 948 706 cupiebant
963 647 1133 708 quosque
1152 626 1299 689 fortunae

233 754 308 794 suae
330 731 528 814 paenitebat,
552 730 720 815 magnifice
744 731 879 794 donatos
903 733 1033 795 domum
1058 731 1187 795 dimisit.

20 862 224 903 rariuswiravou
323 835 377 904 18.
401 837 488 900 Dum
519 837 598 901 haec
622 832 790 922 geruntur,
823 837 947 901 Dareus
970 839 1003 901 in
1027 837 1145 921 Media,
1179 861 1242 922 quo
1266 863 1299 903 se

23 925 107 965 ΒΜ
121 929 214 975 361181·
233 949 408 1028 receperat,
431 967 551 1008 novum
574 944 750 1007 exercitum
774 944 946 1028 contraxit,
975 947 1011 1007 ut
1034 944 1113 1007 belli
1135 945 1299 1010 fortunam
1322 967 1336 1007 5

232 1055 431 1134 postremum
463 1055 644 1134 temptaret.
692 1049 755 1114 Sed
787 1073 860 1113 cum
892 1050 1079 1133 Ecbatanis,
1112 1051 1146 1114 111
1175 1051 1299 1116 Mediae

233 1159 350 1242 capite,
374 1162 567 1240 versaretur,
598 1157 784 1240 turpissima
806 1158 891 1221 inter
915 1160 1057 1240 satrapes
1082 1158 1298 1223 coniuratio

232 1267 335 1328 facta
349 1269 418 1348 est,
434 1264 523 1327 cuius
537 1264 697 1347 principes
711 1269 802 1328 erant
811 1246 937 1348 Bessus,
951 1263 1097 1328 Bactriae
1110 1267 1300 1351 praefectus,

232 1377 264 1435 et
291 1371 509 1454 Nabarzanes
547 1371 601 1454 qui
636 1371 777 1455 corporis
810 1372 996 1435 custodibus
1028 1371 1113 1457 regis
1144 1378 1298 1456 praeerat.

233 1477 376 1554 Quorum
391 1477 445 1542 ille
460 1478 573 1541 Persas
588 1502 606 1541 a
620 1477 725 1542 Dareo
741 1482 882 1541 avertere
902 1478 1053 1561 sibique
1072 1501 1208 1564 regnum
1227 1501 1335 1544 con-10

233 1585 341 1649 ciliare
360 1585 518 1648 studebat.
534 1623 575 1629 —
591 1583 807 1648 Alexander
826 1586 866 1647 ad
884 1583 1026 1647 Dareum
1043 1588 1298 1670 persequendum

231 1692 444 1775 profectus,
483 1713 555 1754 cum
594 1690 628 1753 in
660 1691 773 1754 itinere
806 1691 1013 1774 comperisset
1045 1714 1118 1755 eum
1154 1717 1172 1758 a
1200 1693 1298 1758 Besso

233 1802 361 1882 captum
381 1798 588 1880 vinctumque
607 1798 736 1882 abduci,
760 1821 885 1861 summa
904 1797 1068 1862 celeritate
1087 1801 1299 1884 contendit,

232 1910 268 1968 ut
301 1927 416 1990 agmen
448 1903 642 1988 fugientium
675 1909 928 1988 consequeretur.
979 1903 1149 1988 Inopinato
1184 1907 1298 1971 nuntio

232 2011 451 2075 Alexandrum
492 2005 748 2094 appropinquare
784 2011 947 2094 perterriti
986 2012 1103 2075 Bessus
1139 2013 1298 2098 ceterique
1309 2033 1335 2074 15

232 2119 391 2182 coniurati
424 2140 532 2204 regem
564 2118 687 2182 hortati
719 2123 807 2202 sunt,
848 2123 885 2181 ut
924 2141 1042 2202 equum
1074 2121 1299 2184 conscenderet

232 2248 327 2308 seque
342 2225 428 2288 hosti
443 2226 520 2310 fuga
535 2225 679 2308 eriperet.
711 2224 793 2288 Cum
806 2226 983 2308 parricidas
997 2225 1051 2289 1111
1066 2248 1099 2289 se
1114 2232 1298 2290 secuturum
1307 2230 1363 2287 330

231 2337 376 2416 negaret,
414 2333 479 2395 tela
514 2332 547 2394 in
580 2355 652 2395 eum
691 2331 894 2396 coniecerunt
925 2332 1191 2416 vulneratumque
1227 2333 1298 2397 reli-

232 2444 383 2523 querunt,
416 2439 477 2523 ipsi
511 2438 629 2502 diversi
662 2439 864 2524 aufugerunt.
910 2437 1102 2502 Morientem
1125 2462 1232 2525 regem
1257 2441 1297 2503 ab

232 2545 381 2609 omnibus
414 2545 604 2609 destitutum
637 2545 769 2609 Macddo
807 2546 938 2629 quidam
975 2545 1105 2609 invenit.
1160 2544 1193 2610 Is
1225 2565 1335 2610 cum2⁰

231 2651 354 2736 petenti
378 2674 493 2737 aquam
517 2653 691 2737 attulisset,
715 2652 770 2716 1111
788 2647 951 2718 ‘Gratiam
974 2648 1041 2718 tibi'
1068 2653 1186 2738 inquit,
1210 2649 1296 2736 ‘quo-

231 2761 321 2824 niam
339 2781 399 2843 epo
417 2781 481 2825 noa
492 2780 636 2844 possam,
658 2759 768 2840 referet
782 2760 1007 2844 Aleaaader,
1031 2761 1211 2825 Alexandro
1229 2781 1297 2826 cero

231 2861 279 2934 di?
318 2866 390 2951 Ipse
409 2867 592 2931 Alexander
615 2867 836 2931 tristissimum
867 2867 952 2951 regis
980 2865 1102 2929 exitum
1128 2866 1297 2930 miseratus

232 2995 347 3058 corpus
366 2974 564 3058 Persepolim
583 2974 660 3038 ferri
679 2973 785 3056 iussit,
809 2977 845 3036 ut
864 2973 989 3036 tumulo
1009 2974 1098 3058 regio
1117 2973 1296 3038 inferretur.

20 3104 222 3144 rossuswrraver-
321 3078 375 3147 111.
399 3081 522 3145 Deinde
554 3082 593 3144 ad
623 3103 710 3144 mare
735 3079 886 3163 Caspium
915 3101 1103 3164 progressus
1128 3080 1296 3164 Hyrcanos
1306 3099 1333 3140 ²⁵

84 3167 150 3217 f⁰¹⁸l
230 3187 423 3271 Mardosque
454 3188 499 3251 ibi
523 3188 699 3251 incolentes
722 3187 753 3250 vi
778 3208 940 3250 armorum
964 3187 1026 3250 sibi
1048 3198 1159 3271 parere
1183 3187 1296 3273 coegit.

232 3293 301 3370 Quo
320 3295 406 3358 facto
426 3295 466 3358 ad
484 3295 619 3358 Bessum
637 3295 893 3378 persequendum
912 3295 1075 3376 profectus
1093 3293 1297 3379 Parthienen,

230 3401 458 3487 Drangianam,
473 3400 684 3465 Arachosiam
699 3423 816 3486 magna
826 3400 988 3465 celeritate
1002 3401 1194 3486 peragravit.
1213 3402 1296 3465 Tum

229 3507 437 3591 Paropamiso
462 3513 570 3572 monte
595 3508 751 3572 altissimo
775 3512 925 3590 superato
949 3508 1029 3571 fines
1051 3507 1296 3572 Bactrianorum

230 3615 392 3700 ingressus
416 3619 476 3698 est,
510 3614 565 3698 qui
595 3615 628 3677 in
656 3636 730 3679 suos
754 3614 889 3698 quisque
912 3614 1000 3678 vicos
1024 3613 1138 3697 dilapsi
1161 3614 1333 3678 Bessumo

229 3723 437 3807 reliquerunt.
501 3722 641 3805 Bactris,
683 3722 770 3806 quod
810 3721 878 3784 eius
920 3719 1061 3806 regionis
1102 3725 1198 3805 caput
1239 3725 1296 3805 est,

230 3828 412 3893 Alexander
435 3828 559 3913 aliquot
590 3827 656 3891 dies
686 3832 790 3892 castra
818 3827 940 3892 habuit.
986 3827 1033 3892 Ut
1062 3849 1137 3891 vero
1161 3827 1296 3891 Bessum

230 3936 382 4019 consequi
404 3940 525 4020 posset,
549 3957 644 4019 quem
667 3935 707 3998 ad
722 3933 900 4019 Sogdianos
919 3935 1100 4021 confugisse
1119 3935 1296 4018 constabat,

230 4040 319 4105 Oxus
338 4042 458 4106 flumen
478 4043 506 4105 ei
526 4042 756 4106 transeundum
776 4045 853 4104 erat.
887 4040 979 4117 Quod
998 4041 1153 4127 singulari
1172 4042 1296 4105 ratione

228 4149 377 4232 perfecit,
416 4172 489 4212 nam
523 4171 595 4211 cum
629 4171 686 4212 nec
718 4146 846 4233 navigia
879 4149 1038 4232 adessent,
1075 4170 1133 4212 nec
1163 4153 1332 4232 pontemac
