3198 4864
654 397 923 453 nenmuounns.
1278 405 1321 468 35

254 583 335 644 quae
366 563 444 644 ipsis
474 565 595 627 leviora
623 566 711 644 sunt,
736 563 806 645 pari
837 562 932 625 modo
961 563 1046 644 apud
1073 567 1197 626 ceteros
1222 563 1321 625 fuisse

252 669 458 732 arbitrentur.
486 669 611 733 Scimus
625 670 710 732 enim
724 669 878 732 musicam
898 670 1038 732 nostris
1057 670 1201 732 moribus
1211 670 1321 733 abesse

252 797 272 837 a
290 776 444 859 principis
462 798 610 859 persona,
629 775 745 838 saltare
760 797 835 839 vero
854 776 951 839 etiam
970 776 1004 838 in
1023 777 1111 838 vitiis
1129 777 1219 860 poni3
1240 799 1321 859 quae

253 883 361 944 omnia
384 883 484 965 apud
508 881 671 945 Graecos
694 887 727 945 et
749 886 841 967 grata
864 887 896 945 et
918 882 1012 945 laude
1035 883 1132 968 digna
1152 883 1319 947 ducuntur.

229 1011 243 1048 a
342 987 422 1050 Cum
442 994 549 1052 autem
569 990 746 1072 exprimere
769 989 942 1074 imaginem
966 990 1205 1052 consuetudinis
1224 993 1319 1072 atque
1334 1015 1377 1053 me
1392 1014 1534 1064 Gliederung

252 1094 337 1156 vitae
362 1095 497 1159 velimus
520 1095 775 1179 Epaminondae,
798 1094 898 1158 nihil
917 1096 1043 1159 videtur
1065 1097 1318 1179 praetermitten-
1365 1077 1405 1185 ‘¹⁰⁸⁸
1419 1076 1505 1116 &⁰³⁰⁸

252 1201 327 1264 dum
356 1224 437 1284 esse,
470 1203 569 1284 qued
596 1203 755 1284 pertineat
783 1203 914 1264 adeam
939 1203 1168 1266 declarandam.
1215 1201 1318 1277 Quare

252 1307 393 1371 dicemus
415 1309 581 1392 primum
609 1309 785 1393 degenere
813 1309 894 1391 eiua,
923 1309 1059 1372 deinde
1087 1309 1204 1392 quibus
1227 1308 1317 1371 disci-

251 1413 349 1496 plinis
372 1419 404 1477 et
427 1438 446 1477 a
466 1415 583 1498 quibus
606 1415 648 1478 sit
671 1415 826 1497 erudituS,
845 1419 925 1478 tum
955 1416 993 1478 de
1018 1415 1161 1478 moribus
1185 1415 1317 1500 ingenii-

217 1541 313 1602 1eque
343 1521 552 1584 facultatibus
582 1526 614 1584 et
646 1522 673 1583 si
706 1543 769 1604 qua
802 1521 864 1584 alia
901 1522 1055 1585 memoria
1087 1522 1184 1606 digna
1215 1525 1318 1604 erunt,

250 1631 459 1708 postremo
501 1629 539 1691 de
576 1629 672 1692 rebus
710 1629 821 1713 gestis,
861 1650 942 1711 quae
980 1649 998 1690 a
1033 1628 1182 1710 plurimis
1218 1628 1317 1691 animi

250 1733 689 1817 virtutibusanteponuntur.

338 1838 371 1905 2.
395 1840 503 1904 Natus
527 1842 627 1926 igitur
648 1845 752 1924 patre,
776 1863 839 1924 quo
859 1841 1010 1924 diximus,
1033 1862 1148 1926 genere
1171 1840 1316 1923 honeste,
1340 1868 1366 1906 r.
1381 1868 1464 1907 ornat
1478 1869 1529 1907 ene

249 1969 371 2030 pauper
407 1948 470 2010 iam
505 1971 524 2010 a
560 1949 736 2012 maioribus
768 1949 898 2012 relictus
930 1952 991 2030 est,
1028 1948 1171 2010 eruditus
1208 1930 1538 2042 autemfflffssffi

214 2054 307 2136 issie,
335 2058 372 2116 ut
400 2077 493 2118 neme
517 2054 695 2118 Thebanus
740 2054 825 2117 Nam
849 2060 881 2116 et
906 2053 1139 2116 citharizare
1167 2059 1204 2117 et
1232 2076 1314 2116 can·
1384 2053 1479 2094 ‘³⁰³⁸‘02-

249 2165 330 2222 tare
353 2161 398 2222 ad
421 2161 650 2223 chordarum
674 2163 805 2224 senum
825 2161 936 2224 didicit
950 2183 969 2222 a
983 2159 1139 2243 Dionysio
1154 2159 1316 2244 Thebane,

250 2267 305 2348 qui
334 2288 398 2330 non
429 2267 553 2330 minere
583 2265 646 2330 fuit
675 2267 778 2352 gloria
806 2290 901 2352 quam
925 2267 1052 2330 Damon
1080 2271 1136 2330 aut
1158 2266 1315 2350 Lamprus

249 2373 474 2454 Athenienses
503 2395 639 2457 quorum
667 2375 798 2438 nemina
824 2374 1013 2459 pervulgata
1044 2379 1131 2466 sunt,
1160 2378 1314 2436 cantare

249 2480 365 2543 tibiis
400 2481 440 2543 ab
476 2479 721 2564 Olympiodoro,
762 2481 902 2545 saltare
939 2504 958 2544 a
996 2479 1210 2564 Calliphrbne.
1269 2480 1314 2543 At

211 2586 521 2669 rophilesephiae
552 2591 790 2671 praeceptorem
818 2588 932 2651 habuit
958 2587 1068 2671 Lysim
1096 2588 1314 2670 Tarentinum,

247 2692 495 2777 Pythagoreum.
555 2693 641 2757 Huic
683 2695 741 2757 sic
777 2695 840 2757 fuit
876 2695 1015 2778 deditus,
1052 2699 1092 2757 ut
1129 2695 1313 2758 adulescens

248 2798 374 2861 tristem
407 2820 443 2860 ae
475 2810 619 2862 severum
653 2823 760 2862 senem
792 2800 942 2864 omnibus
970 2801 1157 2884 aequalibus
1185 2802 1251 2863 suis
1279 2801 1312 2862 in

247 2904 467 2968 familiaritate
485 2909 703 2988 anteponeret.
735 2906 848 2988 Neque
871 2908 977 2988 prius
1000 2929 1073 2970 eum
1092 2929 1110 2967 a
1129 2928 1162 2968 se
1182 2906 1311 2988 dimisit,

247 3033 355 3094 quam
379 3013 412 3074 in
432 3012 586 3076 doctrinis
604 3017 695 3076 tanto
714 3013 884 3075 antecessit
902 3012 1145 3095 condiscipuloS,
1164 3016 1200 3074 ut
1218 3012 1312 3076 facile

210 3140 237 3178 a>
247 3117 391 3202 intellegi
424 3123 535 3201 posset
554 3119 633 3202 ¹pari
663 3119 759 3183 modo
787 3141 859 3182 eum
888 3123 1111 3202 superaturum
1140 3141 1250 3181 omnes
1278 3119 1311 3181 in

247 3225 359 3287 ceteris
383 3226 513 3288 artibus.
559 3225 667 3310 Atque
689 3225 768 3289 haec
791 3227 832 3290 ad
854 3231 1023 3289 nestram
1047 3226 1310 3288 consuetudinem

246 3336 321 3393 sunt
343 3331 426 3393 levia
449 3337 481 3394 et
505 3333 612 3414 potius
631 3333 875 3414 contemnenda,
898 3337 931 3394 at
955 3333 992 3395 in
1017 3331 1176 3395 Graecia
1199 3337 1311 3416 utique

207 3425 212 3448 '
246 3437 324 3499 olim
347 3459 481 3522 magnae
504 3438 592 3501 laudi
615 3444 713 3501 erant.

334 3543 508 3628 Postquam
539 3545 680 3628 ephebus
710 3548 758 3608 est
791 3545 894 3608 factus
924 3549 956 3608 et
989 3545 1206 3627 palaestrae
1236 3545 1310 3608 dare
1327 3575 1345 3611 2.
1360 3573 1400 3612 aes
1415 3574 1524 3620 nespas.

209 3671 375 3733 coeperam
406 3653 524 3735 coepit,
554 3674 618 3716 non
648 3657 713 3715 tam
743 3652 1002 3737 magnitudini
1031 3653 1148 3716 virium
1179 3653 1311 3716 servivit

246 3779 341 3839 quam
361 3757 578 3822 velocitati:
603 3759 707 3822 illam
727 3759 811 3822 enim
831 3759 871 3821 ad
889 3758 1082 3822 athletarum
1101 3781 1207 3841 usum,
1226 3759 1309 3822 hanc

245 3863 285 3925 ad
307 3863 383 3926 belli
406 3865 610 3928 existimabat
633 3867 799 3948 pertinere.
844 3863 958 3948 Itaque
981 3865 1188 3928 exercebatur
1209 3866 1307 3948 pluri-

245 3992 332 4032 mum
357 3972 511 4035 currendo
531 3976 563 4035 et
585 3972 750 4054 luctando,
774 3973 880 4056 quoad
898 3976 986 4034 stans
1010 3971 1179 4056 complecti
1201 3977 1309 4055 posset

245 4080 341 4159 atque
364 4079 562 4142 contendere.
607 4077 645 4142 ln
675 4079 790 4141 armis
818 4100 893 4141 vere
915 4078 1091 4160 plurimum
1114 4080 1212 4142 studii
1236 4101 1308 4142 con-

206 4204 234 4244 ss
245 4184 399 4246 sumebat.
