3198 4864
636 407 920 463 THEMISTOCLES.
1291 413 1311 475 9

240 574 417 660 Angustias
447 574 532 637 enim
555 572 787 637 Themistocles
817 573 1003 656 quaerebat,
1032 594 1072 634 ne
1103 571 1310 635 multitudine

241 681 471 745 circumiretur.
508 679 594 743 Hinc
615 681 688 744 etsi
706 681 777 763 pari
795 679 918 762 proelio
938 679 1160 761 discesserant,
1183 683 1309 742 tamen
1341 703 1384 742 nra
1398 702 1512 742 caecian

241 789 352 852 eodem
374 787 446 850 loco
469 809 535 850 non
557 792 632 850 sunt
655 787 725 850 ausi
748 808 891 869 manere,
922 765 1534 869 (111011111119111111111,”ξζ1ξζῃζᾞζζ

241 918 294 978 ne,
318 896 345 958 si
368 917 443 978 pars
466 894 597 957 navium
620 893 875 956 adversariorum
898 892 1064 956 Euboeam
1088 891 1310 974 superavisset,

218 1003 375 1084 sancipiti
405 1005 627 1085 premerentur
657 1000 809 1083 periculo.
856 998 926 1075 Quo
959 999 1081 1063 facturn
1112 1003 1173 1082 est,
1205 1003 1242 1062 ut
1270 999 1310 1062 ab

240 1107 416 1172 Artemisio
436 1108 633 1171 discederent
657 1111 689 1170 et
713 1111 824 1170 contra
842 1105 987 1170 Athenas
1010 1107 1096 1189 apud
1116 1105 1310 1170 Salaminem

241 1215 374 1278 classem
398 1215 638 1278 constituerent.

330 1317 362 1387 4.
392 1321 438 1386 At
460 1320 582 1383 Xerxes
605 1319 831 1403 Thermopylis
861 1319 1053 1404 expugnatis
1082 1320 1230 1402 protinus
1260 1341 1308 1382 ac·
1326 1344 1415 1382 Xerxes
1428 1347 1524 1383 reatori

241 1430 336 1492 cessit
359 1429 400 1491 ad
422 1427 567 1491 Athenas
590 1449 707 1510 easque
729 1427 828 1490 nullis
852 1426 1108 1509 defendentibus,
1131 1427 1308 1490 interfectis
1384 1406 1468 1446 A‘hffl'

206 1555 232 1594 10
241 1535 472 1616 sacerdotibus,
510 1555 591 1616 quos
623 1533 656 1596 in
689 1555 760 1597 arce
792 1534 970 1616 invenerat,
1003 1533 1149 1596 incendio
1183 1533 1308 1596 delevit.

242 1641 340 1706 Cuius
370 1641 499 1704 flamma
528 1640 692 1723 perterriti
722 1641 876 1704 classiarii
906 1661 987 1703 cum
1017 1662 1145 1703 manere
1168 1662 1233 1704 non
1256 1663 1308 1702 au·
1332 1665 1373 1704 rr.
1387 1667 1517 1705 veranum

241 1749 352 1812 derant
375 1753 407 1812 et
430 1747 563 1831 plurimi
585 1747 850 1830 hortarentur,
880 1752 917 1811 ut
940 1747 1052 1810 domos
1076 1769 1149 1810 suas
1173 1726 1473 1837 diseede-³⁰³2&
1486 1729 1533 1768 Μ’

241 1860 312 1918 rent
335 1855 567 1938 moenibusque
593 1877 626 1918 se
650 1833 868 1937 defenderent,
900 1853 1185 1916 Themistocles
1214 1875 1310 1916 unus

241 1963 392 2026 restitit
415 1967 452 2025 et
474 1962 676 2025 universos
700 1983 792 2044 pares
815 1983 882 2024 esse
906 1983 1000 2044 posse
1023 1961 1142 2043 aiebat,
1166 1960 1310 2043 disper-

206 2087 301 2132 15sos
325 2069 505 2132 testabatur
526 2068 700 2150 perituros
731 2068 826 2150 idque
850 2067 1029 2149 Eurybiadi
1051 2065 1311 2149 Lacedaemonio,

242 2177 297 2259 qui
316 2180 386 2239 turn
405 2196 548 2238 summae
572 2173 699 2257 imperii
717 2178 876 2256 praeerat,
895 2174 964 2236 fore
983 2173 1174 2237 affirmabat.
1210 2171 1311 2248 Quem

241 2303 313 2344 curn
337 2282 457 2362 minus,
490 2303 586 2363 quarn
610 2280 720 2362 vellet,
743 2284 900 2361 moveret,
931 2283 1028 2343 noctu
1052 2279 1090 2342 de
1114 2281 1214 2344 servis
1237 2280 1311 2363 suiS,

242 2410 337 2471 quem
362 2387 478 2450 habuit
507 2387 744 2470 fidelissimum,
775 2387 815 2450 ad
839 2408 947 2472 regem
970 2387 1090 2470 misit,
1121 2391 1158 2450 ut
1181 2388 1210 2450 ei
1234 2410 1311 2451 nun-

241 2496 337 2558 tiaret
356 2495 422 2558 suis
441 2495 561 2558 verbis:
584 2495 778 2560 aduersarios
799 2495 866 2560 eius
882 2497 918 2560 iu
936 2495 1015 2578 fuya
1032 2515 1109 2572 esse;
1133 2496 1188 2576 qui
1204 2496 1233 2560 si
1251 2496 1312 2560 dis-

206 2621 231 2660 u
241 2604 409 2686 cessissent,
431 2604 549 2667 maiore
571 2622 641 2666 eum
660 2602 761 2667 labore
778 2607 807 2666 et
824 2601 1036 2684 lonqinquiore
1053 2606 1184 2684 tempore
1201 2601 1312 2666 bellum

241 2710 460 2793 confecturum,
492 2729 562 2774 eum
593 2709 763 2792 stapulas
794 2709 960 2774 consectari
987 2713 1155 2791 mperatum
1187 2711 1313 2790 quossi

240 2815 348 2879 statim
377 2816 603 2896 apprederetur,
637 2815 721 2879 brevi
749 2816 942 2880 uniuersos
971 2834 1194 2897 oppressurum.
1240 2813 1312 2878 Hoc

242 2942 284 2984 eo
307 2920 448 3002 valebat,
472 2924 513 2983 ut
536 2920 630 2983 inviti
649 2921 690 2984 ad
712 2920 958 3005 depugnandum
978 2942 1089 2983 omnes
1112 2925 1309 3004 cogerentur.

330 3027 400 3090 Hae
422 3049 457 3090 re
480 3027 590 3090 audita
612 3028 781 3111 barbarus,
812 3026 894 3089 nihil
924 3027 990 3090 doli
1018 3027 1147 3090 subesse
1170 3027 1482 3110 credensnasaracrt
1495 3051 1533 3090 rer

205 3151 231 3192 rs
240 3134 396 3217 postridie
432 3134 628 3199 alienissimo
665 3134 743 3198 sibi
784 3134 869 3216 loco,
910 3137 1022 3197 contra
1057 3133 1308 3216 oportunissimo
1375 3113 1461 3154 suam

240 3240 419 3304 hostibus
450 3241 542 3305 adeo
573 3245 710 3326 angusto
741 3241 823 3304 mari
853 3240 1010 3323 conflixit,
1040 3244 1081 3303 ut
1111 3240 1179 3304 eius
1202 3240 1309 3304 multi·

240 3347 318 3410 tudo
352 3347 482 3409 navium
514 3347 668 3431 explicari
704 3370 769 3410 non
805 3351 921 3430 posset.
979 3345 1093 3430 Itaque
1125 3349 1229 3411 victus
1261 3353 1309 3412 est

240 3454 343 3538 magis
371 3453 469 3517 etiarn
500 3453 633 3518 consilio
658 3453 883 3518 Themistoclis
907 3475 1003 3536 quarn
1028 3455 1125 3517 armis
1149 3453 1308 3519 Graeciae.

328 3558 362 3628 5.
387 3559 450 3623 Hic
468 3561 529 3624 etsi
548 3561 631 3624 male
650 3584 717 3624 reru
736 3565 890 3646 gesserat,
913 3565 1022 3624 tamen
1040 3564 1147 3624 tantas
1169 3562 1309 3625 habebat
1339 3586 1427 3625 Xerxes
1441 3587 1509 3625 rena

204 3685 231 3726 ³0
239 3667 391 3750 reliquias
422 3666 600 3750 copiarum,
630 3671 667 3730 ut
695 3668 793 3731 etiam
822 3671 893 3730 tum
923 3668 962 3730 iis
993 3668 1174 3751 opprimere
1200 3673 1309 3751 posset
1351 3649 1495 3749 midaii&

239 3773 356 3838 hostes
403 3772 467 3837 Sed
489 3775 606 3838 iterum
629 3775 670 3838 ab
694 3775 804 3838 eodem
828 3775 929 3859 gradu
953 3774 1103 3856 depulsus
1126 3778 1182 3838 est.
1224 3775 1308 3839 Nam

240 3873 472 3944 Themistocles
501 3881 663 3963 veritus,
692 3904 731 3944 ne
754 3881 873 3945 bellare
891 3886 1122 3965 perseveraret,
1141 3883 1309 3946 certiorem

240 4009 313 4050 eum
345 3987 440 4050 fecit
476 3990 511 4052 e'd
536 3989 602 4073 api,
633 3994 669 4052 ut
692 4009 788 4073 pons,
821 4009 916 4072 quem
944 3987 1000 4052 ille
1032 3989 1066 4052 in
1098 3987 1308 4072 Hellesponto

239 4094 372 4176 fecerat,
400 4095 614 4160 dissolveretur
635 4115 672 4159 ec
693 4096 795 4160 reditu
816 4097 852 4159 iu
874 4096 989 4162 Asiam
1010 4097 1076 4177 ipse
1096 4096 1309 4179 excluderetur,

204 4219 230 4260 11
240 4201 354 4283 idque
374 4201 407 4264 ei
421 4201 623 4283 persuasit.
653 4199 766 4285 Itaque
781 4213 843 4285 qua
858 4224 913 4265 sex
928 4203 1092 4266 mensibus
1107 4203 1169 4266 iter
1182 4204 1309 4284 fecerat,
