2940 4710
602 367 809 424 PELOPIDAS.
1192 373 1235 435 43

172 532 328 598 Cadmeae
342 533 543 615 occupandae
556 532 675 614 partim
691 532 887 614 occiderunt,
906 532 1024 614 partim
1039 532 1073 594 in
1087 531 1235 594 exsilium

170 641 339 705 eiecerunt.

259 743 292 814 4.
315 746 387 810 Hoc
400 751 466 810 tam
481 746 610 810 turbido
629 750 785 828 tempore,
804 746 887 809 siout
905 767 1001 828 supra
1020 742 1105 830 (pag.
1115 747 1168 828 lo,
1178 743 1235 832 28)
1255 771 1276 808 r.
1291 771 1361 808 wira
1374 771 1448 809 neuen

171 854 351 936 docuimus,
369 853 622 937 Epaminondas,
637 853 723 935 quod
741 874 813 915 cum
833 852 957 916 civibus
972 852 1159 915 dimicatum
1179 855 1235 935 est7
1265 833 1443 879 E¹'³¹¹¹³¹¹⁰¹¹‘¹⁸⁸'

134 960 258 1024 adomi
290 961 417 1043 quietus
447 961 517 1024 fuit.
563 958 676 1042 ltaque
705 959 784 1022 haec
813 960 1022 1023 liberatarum
1052 958 1234 1021 Thebarum

169 1068 327 1151 propria
357 1067 428 1130 laus
461 1072 509 1131 est
540 1066 760 1149 Pelopidae,
797 1071 919 1130 ceterae
953 1067 1019 1129 fere
1053 1086 1235 1128 communes

108 1181 243 1237 87111111]
262 1173 493 1256 Epaminonda.
516 1173 664 1256 Namque
684 1174 717 1236 in
731 1173 898 1237 Leuctrica
915 1195 1025 1258 pugna
1044 1173 1235 1254 imperatore

169 1281 394 1364 Epaminonda
425 1280 595 1363 Pelopidas
625 1280 688 1343 fuit
718 1281 782 1342 dux
816 1280 955 1343 delectae
992 1289 1120 1362 manus,
1153 1300 1234 1361 quae

169 1388 274 1471 prima
291 1387 484 1472 phalangem
503 1387 679 1470 prostravit
696 1386 868 1450 Laconum.
897 1384 1053 1449 Omnibus
1072 1388 1236 1467 praeterea

136 1495 319 1579 apericulis
343 1495 411 1575 eius
434 1494 526 1557 affuit
549 1491 659 1579 (sicut,
684 1492 831 1577 Spartam
856 1514 928 1556 cum
952 1492 1007 1555 ille
1027 1491 1234 1577 oppugnavit,

107 1601 305 1666 walterum
333 1601 438 1665 tenuit
466 1599 593 1687 cornu),
618 1613 744 1684 quoque
767 1599 913 1664 Messena
936 1600 976 1662 ab
1001 1599 1057 1662 illo
1085 1599 1235 1663 restituta

107 1709 271 1772 3671111111
300 1711 395 1790 esset,
429 1707 555 1792 legatus
585 1707 618 1769 in
648 1706 761 1770 Persas
791 1711 839 1770 est
866 1707 1037 1789 profectus.
1088 1706 1234 1789 Denique

168 1816 247 1879 haec
264 1815 327 1878 fuit
342 1814 442 1877 altera
459 1813 742 1897 personaThebis2
757 1814 812 1876 sed
830 1818 937 1877 tamen
956 1814 1014 1896 ita,
1034 1817 1070 1876 ut
1088 1813 1235 1896 proxima

157 1927 252 2001 ¹esset
274 1921 524 2006 Epaminondae.

136 2051 161 2090 15
258 2027 291 2094 5.
316 2027 526 2092 Conflictatus
554 2032 661 2090 autem
685 2032 733 2091 est
760 2028 857 2090 etiam
886 2027 1043 2090 adversa
1070 2027 1233 2089 fortuna.
1244 2052 1274 2101 1.,
1287 2052 1312 2090 in
1321 2051 1456 2091 russanen

168 2135 254 2201 Nam
286 2140 319 2200 et
351 2136 457 2217 initi0,
495 2135 578 2197 sicut
610 2135 820 2218 ostendimus,
853 2133 943 2196 exsul
974 2133 1078 2216 patria
1111 2133 1234 2196 caruit
1257 2114 1446 2226 „ffiffifffi

169 2247 220 2327 et,
243 2265 315 2305 cum
342 2241 540 2305 Thessaliam
571 2242 604 2304 in
633 2246 827 2325 potestatem
851 2241 1077 2304 Thebanorum
1105 2244 1235 2322 cuperet
1251 2239 1448 2338 wgaffffign·

170 2350 314 2434 redigere
341 2349 576 2434 legationisque
606 2349 674 2413 iure
705 2349 782 2412 satis
809 2352 931 2412 tectum
959 2370 992 2411 se
1015 2347 1234 2430 arbitraretur,

135 2479 161 2518 19
171 2458 258 2540 quod
289 2457 374 2539 apud
405 2479 516 2521 omnes
548 2460 659 2540 gentes
696 2459 842 2519 sanctum
875 2476 942 2518 esse
978 2458 1173 2536 consuesset,
1217 2477 1235 2516 a

107 2569 161 2625 868
170 2567 307 2647 tyranno
337 2561 519 2627 Alexandro
549 2562 691 2627 Pheraeo
724 2561 970 2646 comprehensus
1007 2561 1045 2624 in
1082 2561 1234 2625 vincula

107 2671 367 2734 screoniectus
404 2674 468 2733 est.
528 2669 767 2752 Epaminondas
804 2692 877 2732 eum
913 2669 1113 2751 recuperavit
1149 2667 1234 2730 bello

169 2781 362 2861 persequens
385 2776 613 2840 Alexandrum.

258 2883 337 2947 Post
366 2884 399 2946 id
428 2884 549 2946 factum
580 2905 755 2966 numquam
782 2883 888 2945 animo
915 2881 1036 2964 placari
1064 2880 1171 2962 potuit
1200 2879 1265 2942 ina.
1281 2905 1457 2944 1111111111-

106 2997 256 3074 meum,
289 3015 307 3054 a
340 3013 403 3075 quo
436 2995 504 3053 erat
536 2990 684 3053 violatus.
734 2987 847 3073 Itaque
878 2987 1037 3072 persuasit
1064 2986 1234 3068 Thebanis
1309 2968 1389 3007 mm·

134 3120 160 3160 a
169 3101 206 3160 ut
233 3097 376 3160 subsidio
404 3097 586 3161 Thessaliae
617 3097 895 3180 proficiscerentur
921 3100 1138 3179 tyrannosque
1167 3094 1234 3158 eius

169 3204 372 3287 expellerent.
411 3202 509 3266 Cuius
532 3204 610 3267 belli
634 3226 705 3267 oum
730 3205 758 3266 ei
782 3226 906 3266 summa
930 3207 1012 3266 esset
1036 3203 1110 3264 data
1133 3223 1234 3286 eoque

170 3332 242 3374 cum
261 3311 401 3374 exercitu
420 3311 583 3392 profectus
598 3315 692 3393 esset,
712 3311 905 3392 simulatque
919 3308 1045 3372 hostem
1061 3309 1234 3392 conspexit,

170 3418 340 3503 confligere
375 3439 440 3481 non
475 3417 642 3480 dubitavit.
692 3415 731 3479 ln
762 3438 825 3500 quo
860 3415 983 3498 proelio
1013 3413 1231 3478 Alexandrum

169 3528 206 3588 ut
236 3525 474 3608 animadvertit,
502 3525 649 3587 incensus
678 3524 727 3587 ira
750 3546 868 3606 equum
895 3523 929 3585 in
957 3544 1029 3585 eum
1054 3522 1234 3605 concitavit,

133 3653 159 3692 ao
169 3632 344 3716 proculque
379 3632 539 3716 digressus
573 3654 591 3694 a
624 3632 689 3696 suis
718 3631 863 3694 coniectu
896 3629 1035 3692 telorum
1068 3629 1232 3692 confossus

169 3739 316 3802 concidit.
361 3737 469 3821 Atque
497 3738 558 3801 hoc
583 3738 719 3801 secunda
747 3737 881 3800 victoria
911 3735 1039 3818 accidit,
1067 3758 1141 3798 nam
1170 3735 1233 3798 iam

168 3845 339 3909 inclinatae
362 3850 453 3910 erant
476 3851 687 3929 tyrannorum
711 3845 828 3927 copiae.
853 3881 894 3888 -
920 3841 990 3918 Quo
1013 3842 1099 3905 facto
1124 3863 1234 3904 omues

169 3951 351 4015 Thessaliae
374 3953 519 4016 civitates
543 3952 746 4016 interfectum
769 3950 956 4033 Pelopidam
981 3949 1106 4012 coronis
1130 3949 1234 4011 aureis

169 4063 201 4122 et
228 4059 343 4123 statuis
372 4059 476 4123 aeneis
498 4059 681 4142 liberosque
705 4058 772 4121 eius
796 4057 898 4121 multo
924 4078 1001 4142 agro
1026 4056 1232 4119 donaverunt.
