2940 4710
525 343 750 397 ALEXANDER
768 343 928 399 MAGNUS.
1216 351 1258 413 ὀῖ)

192 510 302 569 turum
320 506 507 588 promisit.
531 505 563 570 ls
581 512 689 570 tamen
708 507 824 571 litteris
839 504 1061 571 Parmenionis
1076 506 1259 572 Alexandro

193 612 226 675 in
256 612 470 696 suspicionem
501 615 656 677 adductus
691 619 752 698 est,
787 615 821 678 in
854 615 971 698 quibus
1004 614 1159 698 scriptum
1192 620 1260 678 erat

192 719 377 804 Philippum
409 722 559 786 radicum
591 743 613 786 a
634 721 740 786 Dorou
773 743 889 805 mappa
918 724 1050 804 pecunia
1082 727 1260 805 corruptum

193 846 269 891 esse:
296 832 413 906 6666661
439 828 535 909 ipitur
561 849 628 912 rea,
655 849 693 893 ne
715 850 805 893 suom
827 829 958 894 salutem
987 829 1034 893 illi
1057 831 1258 894 committeret.

157 933 317 1008 sQuibus
350 933 468 997 litteris
498 932 680 998 Alexander
716 935 776 998 etsi
813 934 951 998 maxime
989 935 1259 1018 commovebatur,

193 1044 301 1103 tamen
338 1039 452 1104 dubiae
490 1040 605 1104 medici
641 1042 716 1105 fidei
749 1043 875 1106 credere
908 1064 1004 1125 quam
1037 1045 1123 1104 certa
1150 1045 1259 1105 morte

193 1147 342 1210 decedere
360 1146 483 1210 maluit.
520 1145 634 1231 Itaque
652 1148 817 1232 Philippo,
837 1171 909 1212 cum
928 1148 1104 1212 remedium
1124 1148 1259 1231 afferret,

192 1277 248 1317 rex
289 1254 405 1337 poculo
448 1258 578 1336 accepto
615 1254 739 1317 litteras
776 1255 863 1318 dedit
900 1255 1046 1338 interque
1083 1254 1258 1318 bibendum

193 1361 302 1424 oculos
320 1360 354 1423 in
369 1360 477 1423 vultus
495 1360 632 1446 legentis
652 1361 817 1425 convertit.
850 1361 896 1425 At
911 1363 965 1425 ille
979 1362 1127 1445 perlectis
1142 1361 1259 1424 litteris

158 1489 183 1527 10
193 1489 294 1551 aequo
332 1468 439 1530 animo
467 1461 617 1534 ‘Crimen’
648 1467 755 1551 inquit
786 1468 965 1551 ‘parricidii
1000 1469 1079 1533 mibi
1114 1469 1259 1534 obiectum

192 1575 279 1639 sulus
301 1579 356 1639 tua
378 1569 492 1639 diluct’.
540 1573 589 1638 Ac
618 1579 709 1638 tanta
737 1580 805 1638 erat
833 1575 965 1638 remedii
989 1575 1050 1659 vis,
1082 1580 1118 1638 ut
1142 1579 1256 1658 quarto

193 1679 242 1744 die
266 1703 322 1744 rex
345 1680 379 1744 in
403 1686 609 1764 conspectum
633 1681 774 1744 militum
798 1681 928 1745 veniret.

128 1793 183 1847 333
279 1785 313 1854 8.
342 1787 479 1871 Derane,
510 1810 583 1851 eum
614 1789 819 1871 comperisset
853 1788 1072 1852 Alexandrum
1101 1788 1191 1852 Tarsi
1224 1788 1429 1850 1666666166
1442 1809 1462 1848 u

192 1893 418 1979 gravissimum
447 1896 597 1959 morbum
626 1895 820 1978 implicitum
850 1918 931 1978 esse,
967 1919 1063 1979 quam
1094 1895 1257 1959 celerrime
1338 1873 1407 1912 ΠΜ

157 2023 182 2062 15
191 2002 342 2086 progredi
366 2001 471 2085 coepit
494 2001 665 2085 copiasque
688 2002 888 2085 Euphratem
912 2002 1045 2065 traiecit.
1076 2002 1258 2065 Alexander

191 2109 300 2172 hostes
324 2110 364 2172 ad
386 2107 504 2191 lssum,
528 2108 682 2191 oppidum
707 2108 849 2192 Ciliciae,
874 2113 1057 2191 exspectare
1081 2107 1257 2190 constituit,

192 2238 279 2298 nam,
308 2237 380 2279 cum
404 2215 571 2300 angustiae
595 2215 836 2279 multitudinem
859 2215 1028 2278 Persarum
1059 2237 1170 2298 capere
1193 2237 1258 2277 non

191 2326 335 2405 possent,
372 2344 445 2385 curn
482 2323 588 2386 locum
622 2324 662 2385 ad
693 2323 903 2408 pugnandum
935 2322 1073 2385 maxime
1106 2321 1258 2385 idoneum

191 2450 258 2492 esse
288 2429 432 2511 putabat.
461 2468 502 2474 —
532 2429 656 2493 Dareus
686 2451 751 2493 non
774 2429 880 2493 minus
905 2451 1001 2513 quam
1025 2428 1258 2513 quadringenta

156 2557 182 2595 au
191 2535 281 2598 milia
294 2536 439 2618 peditum
458 2541 490 2599 et
510 2541 638 2600 centum
657 2536 747 2600 milia
761 2537 907 2620 equitum
925 2535 959 2599 in
978 2535 1077 2599 aciem
1096 2536 1257 2618 produxit.

191 2641 363 2724 Utrimque
394 2642 492 2704 animi
520 2643 662 2707 militum
689 2644 741 2707 vel
768 2666 824 2726 spe
856 2643 992 2726 praedae
1020 2643 1071 2706 vel
1103 2643 1258 2707 memoria

191 2747 345 2829 pristinae
376 2747 497 2832 gloriae
526 2750 566 2811 ad
592 2749 721 2812 fortiter
751 2749 967 2812 dimicandum
995 2750 1257 2813 accendebantur.

191 2852 319 2937 Itaque,
348 2854 404 2918 ubi
432 2854 590 2918 exercitus
615 2854 775 2939 congressi
804 2859 891 2937 sunt,
915 2858 1024 2917 tantus
1043 2855 1257 2939 pugnantium

192 2961 303 3024 ardor
336 2960 503 3045 exstitit,
540 2965 589 3045 ut,
627 2983 700 3025 cum
733 2961 807 3024 alia
840 2964 931 3043 parte
964 2960 1060 3045 vires,
1098 2961 1173 3024 alia
1206 2984 1257 3024 ars

156 3090 181 3129 25
192 3067 340 3131 militaris
372 3067 475 3132 maior
507 3073 602 3151 esset,
634 3068 793 3152 provideri
827 3090 893 3131 non
924 3072 1046 3151 posset,
1078 3072 1151 3132 utra
1182 3090 1256 3150 pars

191 3174 315 3238 victura
338 3179 429 3238 esset.

280 3278 319 3343 Iu
341 3280 401 3343 hac
423 3303 533 3366 pugna
555 3281 748 3344 Alexander
761 3287 793 3345 et
816 3282 905 3345 ducis
929 3288 960 3346 et
988 3282 1101 3345 militis
1125 3304 1255 3346 munere
1279 3310 1386 3360 661631.

191 3387 395 3472 fungebatur.
441 3387 572 3451 Etenim
600 3409 673 3451 cum
697 3389 860 3472 equitibus
890 3389 924 3451 iu
952 3388 1089 3452 mediam
1112 3388 1256 3452 hostium

192 3493 291 3558 aciem
309 3494 461 3577 irrumpit
483 3493 624 3558 Dareum
643 3517 700 3558 sua
718 3518 815 3558 manu
841 3501 982 3559 occidere
1001 3495 1144 3579 cupiens5
1175 3496 1256 3577 petit

156 3624 265 3664 aueum
288 3623 383 3666 curru
403 3624 421 3664 a
445 3605 549 3665 cetera
568 3601 634 3664 acie
658 3601 863 3685 eminentem,
891 3603 930 3665 fit
958 3602 1070 3687 ingens
1094 3601 1255 3684 utrimque

192 3709 315 3792 caedes,
355 3707 459 3771 iacent
490 3707 573 3771 circa
610 3730 739 3772 currum
769 3708 866 3771 Darei
896 3708 1089 3772 nobilissimi
1119 3708 1255 3771 Persae

192 3815 324 3878 adverso
349 3836 482 3898 corprne
507 3815 691 3879 vulneribus
715 3815 860 3898 acceptis.
907 3815 1154 3879 Macedbnum
1178 3817 1254 3898 qub-

192 3944 252 4004 que
276 3943 340 3984 non
364 3921 459 3986 multi
483 3922 626 4005 quidem,
655 3922 710 3985 sed
732 3922 900 3985 fortissimi
929 3922 1011 3985 caesi
1039 3927 1127 4006 sunt3
1158 3923 1255 3986 etiam

191 4027 373 4092 Alexander
396 4028 430 4091 in
454 4029 564 4093 dextro
588 4031 709 4093 fembre
732 4028 846 4092 leviter
870 4029 1056 4093 vulneratus
1080 4034 1136 4092 est.
1174 4028 1254 4092 Iam-

155 4156 253 4219 rcquc
281 4137 372 4220 equi,
405 4135 461 4220 qui
494 4158 622 4200 currum
655 4135 752 4199 Darei
784 4136 956 4219 vehebant,
989 4136 1090 4200 hastis
1119 4137 1253 4219 perfossi
